2676 4546
595 242 636 311 ra

57 436 590 532 cognitaeexemplis-quamtis
616 445 943 538 permultapossim·
967 446 1161 517 enumerare

58 537 274 640 supersedeat
293 548 427 639 Neque·
446 558 571 621 notatio
595 556 676 643 ipsa,
709 555 962 641 qnae··a'x'<aliua
988 559 1159 626 cuiusdam

60 653 606 750 grammatici-tib1·0·‹·trt11'soripu'
636 684 710 729 esse
740 662 870 754 potest?
899 664 1164 733 ut2-eonmoa'ta-
1265 673 1269 680 ’

61 770 162 843 ciunt,
173 771 390 858 Epaphroditi
416 771 792 838 Theocriteum-'lnisse
806 777 949 859 -eredass
972 777 1073 860 cogit,
1106 775 1165 841 sed
1257 786 1259 791 ’

60 878 147 948 hane
163 879 662 953 suamdeuotis-'dandtutoc
681 882 808 968 origine
819 882 1164 950 v'sententiam-multo

60 985 349 1054 verisimilius-asi
360 988 408 1054 rin
424 989 538 1054 lexico
556 988 709 1076 illo'aum
720 991 1077 1081 'exposuisse-tumidi
1088 992 1165 1059 Voti

59 1096 377 1180 tctpattyauonnc
401 1116 604 1167 vocarenos
627 1103 822 1179 videtnr3·ad
837 1142 840 1149 -
853 1098 985 1168 lexicon
1004 1105 1098 1184 illud,
1129 1105 1163 1168 in

60 1206 138 1289 quo·
160 1207 304 1293 origines
324 1209 530 1295 potissimum
551 1204 967 1278 vocabulorum-saccatum
992 1215 1163 1280 aunt-esse

59 1310 586 1402 commoueat-:sistrorum
618 1331 679 1405 est,¹
713 1319 902 1408 per'Crum
936 1323 1089 1386 uto-aliae
1116 1325 1162 1390 sio

59 1427 143 1491 haec
167 1427 342 1514 explicatio
365 1428 398 1491 in
421 1428 653 1515 Etymologiea
673 1429 780 1494 fluxit.
947 1432 961 1443 ”
1031 1443 1036 1449 “

231 1667 233 1672 s
260 1608 521 1676 Commentarius
542 1611 575 1675 in
599 1609 726 1684 Cratini
751 1611 961 1684 Μαλθακαύς.

147 1769 302 1855 Denique
319 1769 407 1834 unde
426 1769 571 1834 hauserit
585 1769 848 1836 Graefenhanius
865 1771 901 1854 (l
913 1771 934 1836 l.
947 1771 1013 1837 ΙΙΙ.
1026 1794 1058 1859 p.
1072 1771 1159 1853 257),

59 1877 148 1962 quod
170 1877 432 1966 Epaphroditum
461 1878 600 1943 affirmat
630 1879 664 1944 in
690 1878 815 1946 Cratini
843 1877 1046 1951 Μαλθακούς
1078 1903 1161 1945 eom-

10 2040 15 2047 .
60 1999 243 2053 mentatum
265 2009 348 2072 csse,
368 1988 491 2068 nescio,
525 2010 598 2051 cum
622 2009 719 2073 quem
742 1986 925 2053 Herodiani
946 1988 1052 2054 locum
1069 1991 1093 2072 ¹)
1116 1997 1160 2053 at·

59 2097 186 2178 tulerit,
211 2118 253 2161 ex
271 2119 310 2161 eo
333 2096 366 2160 id
386 2096 498 2182 colligi
516 2119 585 2161 non
599 2117 696 2184 posse
709 2118 807 2162 nemo
822 2118 888 2162 non
900 2095 1020 2161 videat.
1044 2096 1160 2165 Gram-

62 2206 208 2288 maticos,
234 2207 288 2289 qui
313 2205 481 2271 Cratinum
506 2205 746 2271 commentariis
769 2207 1027 2288 illustraverunt,
1049 2205 1160 2271 nullos

59 2314 141 2379 alios
163 2314 226 2378 nisi
247 2314 470 2381 Callistratum
497 2314 783 2402 Aristophaneum,
805 2313 1045 2402 Asclepiadem
1071 2314 1160 2400 Myr·

59 2423 206 2507 leanum,
227 2423 410 2509 Didymum
435 2422 689 2489 Chalcenterum
712 2423 936 2510 eognovimus.

370 2617 399 2680 3.
440 2615 610 2704 Opuscula
630 2616 851 2701 grammatica.

144 2774 290 2840 Eudocia
313 2776 335 2838 l.
359 2775 379 2838 l.
404 2775 485 2839 haee
510 2773 660 2839 tradidit:
695 2773 819 2855 ἔγραψε
842 2772 917 2853 περὶ
934 2772 1160 2855 γραμματικῆς

59 2885 223 2949 κάλλιστα.
275 2883 402 2964 Quibus
426 2884 537 2950 verbis
559 2906 625 2950 non
645 2884 787 2949 indicem
810 2883 892 2948 certi
913 2881 1027 2970 scripti
1051 2903 1160 2967 gram-

30 3019 33 3024 ·
60 2994 173 3062 matici
197 2994 386 3082 significari,
420 2996 478 3060 sed
499 2993 661 3059 Eudociae
684 2994 786 3082 ipsius
808 2994 862 3057 vel
884 2991 1036 3075 auctoris,
1059 3012 1158 3078 quem

60 3115 175 3171 secuta
196 3105 248 3189 sit,
268 3105 309 3170 de
330 3104 414 3169 libro
436 3105 490 3169 vel
510 3105 539 3170 si
562 3105 663 3168 mavis
679 3103 720 3168 de
737 3103 829 3168 libris
844 3099 1036 3188 quibusdam
1051 3122 1158 3187 gram·

62 3214 191 3280 melicis
213 3214 380 3298 iudicium,
396 3236 531 3301 quorum
553 3212 699 3297 singulas
715 3211 944 3300 inscriptiones
958 3219 1014 3275 aut
1030 3209 1161 3295 ignoret

60 3337 116 3391 aut
140 3347 331 3390 enumerare
357 3323 581 3410 supersedeat,
603 3323 701 3386 facile
728 3322 866 3407 quisque
889 3320 1056 3408 conccdat.
1098 3318 1159 3383 Ita·

62 3457 124 3521 que
152 3435 214 3500 hoc
238 3433 461 3498 tantummodo
488 3454 528 3496 ex
553 3432 624 3496 loco
649 3453 745 3518 quem
772 3431 840 3495 dixi
864 3428 1061 3495 concludere
1083 3426 1160 3491 licet

60 3544 158 3609 etiam
183 3565 295 3608 eorum
319 3542 499 3608 studiorum
524 3543 658 3621 fructus,
681 3562 764 3624 quae
785 3540 825 3604 ad
846 3551 950 3604 artem
972 3533 1158 3622 grammati·

60 3676 132 3717 cam
146 3651 375 3739 pertinuerint,
397 3650 617 3736 peculiaribus
630 3648 793 3736 opusculis
807 3646 977 3712 mandasse
989 3643 1158 3733 Epaphro-

60 3761 177 3827 ditum.
236 3742 298 3843 His
329 3769 435 3824 autem
461 3759 553 3822 libris
576 3779 658 3841 quae
678 3765 870 3841 argumenta
890 3763 1080 3843 persecutus
1104 3751 1157 3831 sit,

66 3899 79 3905 α
84 3898 254 3906 ...ψ-..ι-

133 3962 160 4032 1)
177 3960 330 4014 Hcrodian.
348 3964 411 4030 περὶ
427 3978 492 4031 μον.
510 3961 561 4018 λέξ.
581 3975 609 4027 p.
620 3961 663 4020 39,
673 3961 706 4010 25
725 3957 822 4011 Dind.:
847 3961 913 4010 Εἰσὶ
937 3959 1033 4027 μέντοι
1058 3956 1086 4007 οἳ
1110 3957 1154 4006 καὶ

61 4055 107 4111 διὰ
130 4057 179 4112 τοῦ
202 4076 221 4126 γ
247 4050 405 4127 γράφουσιν
432 4056 463 4109 ἕν
485 4069 557 4108 τισιν
582 4056 612 4109 lv
637 4056 803 4113 Μαλθακοῖς
821 4058 955 4123 Κρατίνου
982 4043 1157 4122 παρεφύλαξε

61 4148 226 4228 Σύμμαχος.

1259 4068 1268 4161 ρ
