2676 4546
718 220 758 286 48

210 456 213 461 ’
290 424 400 488 Verba
427 417 524 493 οὕτως
551 417 782 502 Ἐπαφρόδιτος
815 421 949 509 protulit
972 421 1116 487 Bekker.
1150 444 1192 487 ex
1212 421 1285 484 cod.

139 572 142 576 ·
191 533 291 599 Paria.
314 533 415 617 26303
439 532 567 596 adiecta
589 540 666 596 sunt
690 531 798 596 eidem
822 530 1044 616 etymologiae
1068 552 1120 619 ap.
1139 539 1182 594 et.
1196 528 1285 596 (tud.

186 636 219 730 p.
231 641 352 714 87‚46:
379 634 547 720 Ἀσσύριοι
568 640 622 702 καί
646 635 808 723 Ασόῤῥιοι
829 637 862 700 τό
887 637 975 720 γένος
1006 634 1159 721 εἴρηνται,
1188 632 1286 719 ῇγοον

189 747 222 810 τὸ
249 746 353 824 ἔθνος,
387 745 476 828 παρὰ
502 745 557 809 τόν
577 746 779 826 Ἀσσάρακον
805 749 859 810 τοῦ
881 745 997 820 ἔθνους
1017 745 1285 835 ἐπικρατῇσαντα,

190 853 229 917 ἵν’
254 848 280 940 ῇ
300 851 438 929 ducator
459 856 514 919 καί
535 856 653 941 ἐκβολῇ
674 858 729 921 τοῦ
753 880 781 934 κ,
809 855 864 919 καί
890 857 995 941 τροπῇ
1024 855 1070 928 εἰς
1094 878 1111 933 ρ
1133 851 1284 932 ἄσσαρος.

188 964 243 1027 καί
261 966 367 1050 τροπῇ
388 966 444 1026 τοῦ
469 990 488 1024 α
513 965 557 1038 εἰς
582 990 600 1025 v
627 959 777 1046 ἄσσυρος,
802 960 843 1037 τός
864 962 961 1044 μάθω
983 966 1102 1045 μῦθος·
1131 961 1284 1026 καὶκατὰ

115 1143 118 1151 ,
189 1072 377 1157 παράβασιν
401 1071 562 1152 οἷσσόριος.
596 1068 695 1144 οότως
715 1069 953 1156 Ἐπαφρόδιτος.
1006 1073 1112 1138 Deest
1135 1082 1203 1137 tcta
1227 1094 1286 1136 ex-

187 1180 321 1269 plicatio
346 1179 432 1267 apud
456 1181 628 1246 Zonaram.
655 1214 696 1225 -
719 1180 810 1261 Quae
831 1180 920 1244 vocis
942 1179 1119 1268 explicatio
1144 1205 1218 1246 cum
1244 1182 1284 1244 ad

189 1312 303 1354 versus
335 1283 450 1353 allatos
488 1299 636 1374 spectare
670 1288 819 1352 videatur
852 1310 961 1374 neque
994 1289 1057 1353 alia
1092 1289 1284 1355 Callimachi

189 1400 333 1464 carmina
355 1398 414 1462 nisi
440 1395 538 1462 Ai'ua
562 1397 801 1462 commentariis
825 1407 935 1462 noster
964 1398 1190 1473 illustraverit,
1225 1399 1285 1462 hos

188 1508 277 1596 ipsos
296 1529 412 1572 versus
430 1503 555 1578 Αἰτίοις
577 1516 675 1592 atque
689 1506 905 1594 Epaphroditi
929 1509 1029 1571 verba
1052 1506 1285 1572 commentario

189 1617 258 1682 eius
283 1615 406 1680 Αἰτιόιν
431 1617 576 1682 inserere
600 1639 666 1682 non
690 1615 811 1682 dubito.

503 1851 632 1916 Dubiae
657 1851 744 1916 sedis
768 1852 962 1936 fragmenta.

289 2124 344 2196 Et.
366 2122 452 2196 Gud.
473 2147 505 2218 p.
517 2125 573 2202 97,
585 2124 644 2195 33.
674 2010 764 2195 [οῗ.
776 2124 906 2213 Angel.
920 2122 1051 2218 p.Vlll.
1065 2121 1285 2217 Β.;”Αφρο-

189 2241 270 2328 δίτη
305 2290 355 2298 -
389 2247 450 2317 καὶ
476 2244 747 2346 Ἐπαφρόδιτος
782 2247 884 2344 παρὰ
917 2248 962 2317 τὸ
991 2242 1157 2345 ἀφραδὲς
1185 2245 1286 2334 [του-

189 2373 297 2442 τόστι
324 2373 420 2445 Hom.
448 2374 597 2470 Epimer.
625 2399 680 2471 ap.
709 2374 819 2447 Cram.
847 2375 983 2446 Anecd.
1008 2375 1074 2446 Ox.
1102 2373 1123 2444 l.
1143 2374 1207 2464 37]
1237 2372 1286 2462 μὴ

188 2493 427 2589 νομιζομένην
453 2498 647 2594 φρόντισον,
675 2493 807 2568 διὰτὸ
835 2493 1001 2595 ἀφραδὲς
1017 2496 1078 2567 καὶ
1098 2488 1286 2580 ἄγνωστον

186 2626 248 2702 τῆς
272 2617 407 2712 μίξεως.
453 2623 581 2696 Eadem
610 2624 765 2697 breviter
792 2625 869 2695 cod.
894 2623 1003 2695 Paris.
1023 2624 1137 2696 2630:
1163 2621 1239 2688 ‘aot
1266 2622 1286 2690 ὁ

186 2739 458 2842 Ἐπαφρόδιτος
485 2749 587 2843 παρὰ
612 2747 658 2817 τὸ
687 2744 875 2846 ἀφραδές’.

289 2863 391 2954 Sequi
421 2867 553 2932 videtur
582 2878 694 2933 noster
726 2870 950 2933 auctoritatem
978 2866 1161 2953 Euripidis,
1195 2865 1286 2930 cuius

189 2973 390 3057 etymologia
412 2971 501 3054 πορό
525 2971 578 3054 τὴν
608 2973 791 3059 ἀφροσύνην
813 2978 893 3062 (vid.
917 2977 1029 3065 Eurip.
1054 2975 1199 3042 Troadd.
1221 2974 1285 3038 989

186 3079 296 3164 ibique
319 3083 434 3162 schol)
463 3082 496 3147 iu
519 3082 759 3168 Etymologicis
791 3085 957 3169 praecedit
991 3094 1023 3147 et
1046 3092 1216 3170 praeterea
1241 3081 1286 3144 af·

186 3187 290 3252 fertur
311 3191 350 3252 ab
372 3189 511 3253 Aristot.
535 3190 630 3255 Rhet.
654 3190 700 3263 ΙΙ,
713 3191 753 3254 23
778 3192 937 3272 (cillust.
959 3190 1074 3277 pert,
1088 3191 1152 3272 36).
1177 3188 1287 3252 Aliter

187 3297 358 3362 Hesiodus·
372 3297 407 3361 in
428 3297 597 3381 Theogon.
620 3321 650 3358 v.
675 3298 734 3362 195
753 3321 824 3383 sqq.
849 3300 888 3363 ab
911 3296 1022 3380 ἀφρός,
1047 3321 1189 3384 quocum
1209 3320 1284 3362 con·

186 3405 331 3472 sentiunt
352 3407 446 3472 Plato
469 3408 503 3470 in
527 3407 663 3491 Oratylo
687 3431 716 3494 p.
736 3407 798 3471 406
808 3407 844 3472 O.
880 3417 913 3472 ct
933 3408 1091 3494 Apollon.
1115 3406 1286 3490 Diogenes

185 3523 270 3578 teste
284 3512 454 3581 Clemente
468 3515 696 3581 Alexandrino
709 3515 865 3601 (Pacdag.
879 3514 934 3579 lib.
948 3515 974 3578 Ι.
988 3539 1020 3602 p.
1034 3514 1075 3577 46
1089 3515 1138 3580 cd.
1151 3513 1285 3598 Syllo).

186 3624 228 3687 cf·
250 3623 376 3689 Eudae.
392 3649 417 3689 s.
431 3648 461 3688 v.
479 3621 664 3707 Ἀρροόότη.
717 3624 882 3711 Didymus
908 3625 994 3713 quod
1016 3625 1056 3688 de
1081 3624 1141 3688 hae
1164 3645 1200 3687 re
1224 3623 1283 3686 do·

187 3732 304 3807 cuerit,
327 3733 402 3796 vide
425 3732 512 3821 apud
535 3731 580 3796 Μ-
606 3733 824 3801 Schmidtium
848 3734 996 3820 (Didym.
1013 3734 1129 3817 fragm.
1152 3755 1183 3818 p.
1195 3732 1286 3817 401).

711 3902 761 3966 60.
1244 3954 1247 3959 ,

285 4013 340 4087 Et.
367 4037 411 4087 m.
438 4039 471 4110 p.
486 4017 626 4098 663,21
643 4039 670 4088 s.
685 4039 719 4087 v.
748 4017 956 4112 Περαιτέρω
982 4043 1014 4066 ’-
1040 4013 1125 4086 ὅσοι
1151 4015 1197 4085 τὸ
1223 4018 1284 4109 ἐγ-

184 4137 318 4235 γυτέρω
349 4138 410 4207 καὶ
444 4141 628 4233 ἐγγυτάτω
663 4140 725 4210 καὶ
758 4140 808 4209 τὰ
838 4135 954 4235 ὅμοια
981 4141 1051 4212 σὺν
1076 4147 1127 4235 τῷ
1153 4167 1166 4209 ι
1190 4139 1284 4238 βοό-
