2676 4546
691 228 712 292 b

146 427 269 496 Suidaa
290 453 315 493 s.
338 450 368 492 v.
392 428 542 511 tradidit,
575 438 607 493 et
641 450 738 514 quem
765 427 829 493 alio
862 429 935 492 loco
967 427 1004 510 (a.
1028 450 1057 490 v.
1080 421 1249 509 Ἀντέρως)

147 536 321 625 Apollonii
344 537 526 622 Anterotis,
548 539 604 625 qui
624 538 764 605 Claudio
786 538 967 624 imperante
990 536 1148 618 floruerit,
1171 536 1250 602 dicit
1268 575 1271 579 ⁴

146 646 331 734 aequalem.
380 643 516 711 Praeter
545 647 605 711 hos
636 647 707 712 istis
741 648 942 733 temporibus
973 646 1092 710 multos
1125 645 1248 713 Romae

144 753 249 821 fuisse
269 753 499 840 grammaticos
521 756 584 819 iam
607 756 765 822 monitum
784 765 843 821 est.
867 755 1022 820 Nostrum
1038 763 1147 819 autem
1163 753 1249 818 inter

144 863 301 948 vulgares
319 864 552 948 grammaticos
564 887 630 929 non
645 887 717 930 esse
732 865 955 945 referendum,
971 864 1028 929 sed
1044 865 1131 940 fama
1149 872 1249 949 atque

145 972 339 1037 auctoritate
361 973 479 1037 multos
502 995 614 1038 eorum
638 994 811 1061 superasse
834 982 866 1036 et
885 972 1072 1060 aequalium
1098 993 1247 1060 compro-

144 1079 233 1146 batio
258 1080 430 1145 confirmat
451 1089 484 1144 et
506 1078 561 1164 qui
584 1080 784 1167 posteriores
806 1080 840 1145 in
862 1079 992 1168 scriptis
1024 1101 1063 1144 eo
1092 1079 1141 1155 usi
1175 1089 1248 1144 sunt

145 1196 229 1253 teste
244 1166 373 1254 docent.
400 1189 452 1254 De
476 1188 526 1253 his
549 1198 583 1252 et
604 1190 911 1254 commentatoribus
934 1198 967 1252 et
989 1187 1247 1273 lexicographis,

146 1296 204 1383 qui
224 1295 404 1363 doctrinam
430 1296 500 1362 eius
531 1297 675 1381 laudant,
707 1298 793 1373 infra
819 1297 998 1368 ,dicendum
1029 1306 1088 1362 est.
1145 1296 1246 1383 Apud

145 1406 301 1491 aequales
323 1415 431 1470 autem
454 1394 575 1492 quanta
599 1407 698 1471 fuerit
720 1407 1002 1488 eius'auctoritas,
1039 1428 1081 1471 ex
1112 1427 1151 1470 eo
1183 1405 1246 1469 im-

144 1513 259 1601 primis
287 1514 495 1602 perspicitur,
526 1515 614 1599 quod
637 1517 674 1598 is,
709 1517 763 1600 qui
795 1538 910 1581 servus
932 1515 1067 1591 Romam
1098 1526 1244 1597 venerat,
1312 1573 1318 1578 .

140 1623 237 1688 ,brevi
262 1630 410 1709 tempore
432 1646 573 1688 summas
597 1624 657 1687 sibi
678 1645 757 1713 opes
770 1623 918 1689 docendo
931 1623 1140 1712 comparavit·
1166 1623 1245 1706 Qui-

144 1732 204 1796 bus
224 1730 348 1796 divitiis
366 1732 610 1818 adaugendam
629 1742 726 1819 atque
738 1732 1002 1819 amplificandam
1014 1732 1245 1798 bibliothecam

146 1863 237 1906 suam
268 1863 346 1904 usus
376 1840 545 1927 paullatim
579 1841 715 1926 triginta
735 1840 824 1905 milia
845 1841 1046 1906 voluminum
1071 1849 1167 1925 atque
1192 1863 1246 1905 eo·

146 1971 218 2013 rum
231 1983 274 1997 -
286 1959 322 2013 ut
345 1949 463 2017 Suidas
486 1950 577 2014 addit
595 1985 636 1998 -
653 1950 813 2015 bonorum
839 1949 1038 2036 minimeque
1059 1949 1247 2034 vulgarium

146 2057 292 2142 collegit.
339 2059 404 2140 Qui
426 2058 543 2145 ingens
566 2058 724 2126 librorum
743 2080 899 2123 numerus
911 2058 935 2142 ¹)
959 2058 988 2123 ei
1013 2057 1119 2123 minus
1143 2057 1245 2123 mirus

146 2165 323 2250 videbitur,
353 2167 410 2254 qui
433 2168 627 2250 meminerit,
658 2167 746 2253 quod
778 2168 819 2233 de
839 2166 979 2254 singulis
1002 2166 1093 2252 apud
1115 2174 1246 2231 veteres

147 2275 367 2340 voluminibus
396 2274 573 2364 disputavit
594 2277 791 2343 Ritsehelius
816 2277 914 2341 Alex.
937 2276 1023 2342 Bibl.
1046 2299 1079 2363 p.
1099 2275 1160 2339 130
1174 2296 1246 2360 sqq.

145 2389 299 2470 (quocum
311 2386 352 2450 cf.
364 2408 395 2473 p.
409 2386 450 2450 32
461 2384 547 2470 sq.).'

226 2492 281 2558 De
302 2492 431 2579 reliqua
455 2494 659 2580 grammatici
679 2494 782 2559 nostri
804 2495 871 2558 vita
902 2492 989 2558 haud
1024 2491 1162 2556 multum
1197 2500 1248 2557 est

145 2600 312 2667 traditum.
366 2600 509 2691 Semper
531 2602 656 2670 Romae
687 2625 760 2668 eum
790 2603 891 2668 fuisse
912 2602 1024 2688 ibique
1045 2609 1241 2666 commenta»

144 2711 212 2774 rios
235 2733 313 2777 snos
326 2710 456 2797 aliaque
467 2712 589 2800 scripta
613 2712 832 2801 composuisse
855 2710 1063 2777 statuendum
1086 2719 1144 2775 est.
1178 2709 1248 2776 Haz

98 2804 102 2809 ¹
145 2817 261 2884 bitavit
282 2818 367 2885 binis
391 2821 526 2887 aedibus
551 2822 669 2911 emptis
697 2823 731 2887 in
751 2821 887 2906 regione
909 2820 1060 2909 quadam,
1090 2841 1173 2905 quae
1197 2817 1244 2883 di·

147 2929 283 2994 cebatur
307 2929 580 2995 Phaenianooorii
598 2929 900 3016 (Φαινιανοκόριοι),
932 2929 1018 3015 qnod
1041 2930 1245 3010 vocabulum,

147 3034 173 3100 si
195 3036 451 3122 Bernhardyum
472 3039 525 3121 (ad
548 3038 641 3106 Suid.
658 3042 680 3106 l.
705 3040 741 3124 l.)
762 3040 938 3125 sequimur,
969 3038 1153 3104 ‘stationem
1174 3036 1245 3124 pel·
1273 3059 1277 3066 ’

144 3134 268 3212 lionam
288 3148 342 3212 vel
363 3149 600 3234 sarcinatorem
621 3149 809 3233 significare
831 3148 972 3233 videtur,
992 3171 1089 3234 quam
1111 3147 1242 3214 Graece

147 3253 270 3320 dixeris
295 3254 533 3338 φαινολοκόρια,
566 3257 629 3320 hoc
652 3267 701 3322 est
722 3257 828 3321 vicum
852 3278 965 3322 eorum
994 3256 1161 3345 opificum,
1186 3255 1242 3341 qui

144 3363 300 3450 paenulas
322 3374 516 3451 appararent
537 3375 592 3430 sut
615 3367 783 3431 crearent’.
840 3364 931 3432 Obiit
962 3388 1084 3430 annum
1115 3375 1240 3453 septua-

144 3472 307 3556 gesimum
330 3473 477 3556 quintum
499 3494 603 3559 agens
627 3477 740 3540 morbo
758 3495 861 3560 aquae
876 3474 1050 3540 intercutis
1064 3497 1147 3541 anno
1167 3482 1243 3562 post

146 3578 206 3661 (lh.
230 3603 264 3647 n.
284 3582 499 3668 nonagesimo
521 3583 661 3672 septimo
686 3585 772 3667 (au.
788 3585 876 3667 850).

228 3689 379 3776 Corpore
400 3727 442 3743 --
464 3691 498 3756 id
522 3714 651 3779 quoque
676 3693 794 3762 Suidas
814 3693 960 3758 addit-
978 3714 1098 3779 magno
1120 3691 1181 3758 fuit
1204 3715 1243 3758 ac

215 3965 241 4030 1)
260 3946 390 4018 Eundem
408 3962 581 4017 voluminum
598 3980 744 4018 numerum
763 3963 934 4032 Tyrannioni
947 3961 1045 4016 Suidas
1065 3960 1144 4031 (1.1.)
1161 3961 1241 4014 attri-

142 4058 213 4114 buit.
232 4059 289 4114 Sed
308 4058 343 4113 de
360 4059 443 4113 huius
462 4058 633 4114 bibliotheca
650 4060 736 4146 aliter
748 4059 929 4114 iudicandum
950 4062 1000 4126 est,
1013 4057 1047 4112 de
1060 4075 1115 4126 qua
1132 4073 1163 4109 re
1174 4054 1239 4110 vide

143 4155 246 4211 Reruh.
265 4154 302 4209 ad
319 4155 347 4210 ln
365 4154 384 4210 l.
406 4174 433 4226 p.
445 4156 522 4211 1245.
