2676 4546
571 251 635 323 33.

98 444 176 530 ιὲνη,
201 445 258 529 o'rp'
282 437 319 526 ἧς
341 444 370 512 οἱ
395 445 543 529 ῥηθέντες
561 445 771 530 Κραννώνιοι,
794 448 814 530 ἦ
835 445 961 532 ἱστορία
985 447 1077 535 λέγει.
1100 449 1153 517 ct.-

98 555 187 620 tdem
209 555 252 622 ad
277 556 341 624 Od.
367 581 386 615 α
408 558 482 643 260,
511 557 557 622 ad.
583 579 679 645 quem
701 557 811 623 locum
832 558 1029 641 recurritis
1055 582 1148 625 com.

98 666 202 730 ntario
225 665 266 731 ad
287 666 387 732 Dion.
404 666 536 755 Perieg.
552 691 584 755 p.
599 668 659 734 175
681 667 733 733 ed.
757 668 878 734 Bernh.

568 825 620 891 26.

144 940 198 1013 Et.
225 964 268 1011 m.
294 964 327 1035 p.
346 943 430 1018 191,
453 941 499 1012 36
533 937 656 1010 Βατία
686 981 727 991 -
755 937 836 1009 Ἐπὶ
863 933 904 1010 δὲ
929 946 999 1009 τοῦ
1023 939 1145 1012 τόπου

98 1054 317 1162 οαφρόδιτός
352 1077 479 1158 φησιν.
534 1063 609 1135 ἀπὸ
642 1059 711 1134 τοῦ
743 1069 861 1152 ποτά,
894 1065 1021 1156 πάτος.
1080 1064 1143 1136 καὶ

99 1189 119 1258 ὸ
146 1185 215 1258 τού
240 1189 363 1259 πάτου
389 1189 460 1260 τῶν
486 1183 615 1263 ἵππων.
659 1190 747 1270 τοὺς
771 1189 839 1288 γὰρ
865 1172 903 1258 ἑν
931 1197 1017 1273 ταῖς
1044 1187 1144 1274 ὁδοῖς

98 1316 173 1395 ιούς
213 1339 251 1382 τε
288 1315 351 1383 καὶ
386 1321 564 1414 συνεχεῖς.
624 1313 805 1409 τριμμοὺς
838 1314 979 1407 πάτοος
1011 1314 1143 1414 ἔλεγον.

99 1465 162 1519 τος
188 1434 253 1508 οὖν
280 1439 434 1509 πάτοια·
475 1439 537 1509 καὶ
572 1440 794 1533 πλεονασμῷ
826 1445 896 1510 τοῦ
926 1467 941 1510 ι
977 1438 1143 1535 πατίεια,

98 1579 105 1631 ἰ
132 1559 264 1662 [τροπῇ
290 1570 398 1634 τοῦπ
425 1558 521 1662 stat]
550 1558 716 1638 Βατίεια.
763 1558 875 1633 Ἔστι
900 1557 941 1635 δὲ
966 1566 1089 1648 τόπος·
1105 1571 1142 1639 ἐν

113 1684 263 1759 πεδιάδι
292 1696 352 1772 τῆς
377 1682 542 1770 Ἰλιάδος.
582 1684 763 1786 Ὅμηρος·
793 1688 882 1781 „civ
909 1674 990 1772 ἦτοι
1014 1687 1143 1790 ἄνδρες

99 1812 220 1887 τίειαν
247 1814 541 1897 κικλήσκουσιν.“
571 1817 612 1906 (Β
634 1818 737 1903 813)..
787 1901 790 1905 ,

142 1936 281 2001 Homeri
303 1958 445 2018 versum,
476 1934 518 2000 ad
553 1956 651 2020 quem
681 1934 857 2023 explicatio
878 1936 982 2003 nostri
1003 1948 1138 2026 spectat,

101 2045 257 2131 mologici
271 2055 394 2129 auctor,
411 2068 477 2110 non
489 2043 732 2132 Epaphroditus
745 2043 816 2132 ipsa
830 2045 991 2133 apposuit.
1015 2046 1139 2113 Eadem

98 2155 247 2240 'mologia
279 2164 368 2219 extat
400 2154 487 2243 apud
519 2153 633 2241 Steph.
658 2153 739 2239 Bya.
775 2177 807 2241 p.
829 2154 950 2238 160,18
979 2149 1143 2232 ’,,Βατίὲια

98 2261 274 2348 (κέκληται)
290 2259 310 2344 ἢ
328 2260 389 2324 unt
412 2262 468 2324 τοῦ
488 2259 588 2324 πάτου
608 2261 670 2322 ταῖν
692 2258 797 2323 ἵππων
820 2258 916 2345 ἤγουν
934 2264 989 2345 τῆς
1007 2268 1139 2347 τροφῆς,

101 2374 147 2455 τῇ
169 2372 225 2433 τοῦ
246 2386 268 2431 π
290 2369 334 2443 είς
358 2374 411 2456 β,“
440 2372 558 2459 procul
588 2371 686 2436 dubio
720 2393 762 2437 ex
782 2371 1028 2460 Epaphroditeo
1051 2397 1138 2441 oom-

98 2482 202 2547 ntario
220 2481 424 2570 deprompta.
448 2479 631 2549 Scholiasta
642 2489 675 2545 et
687 2481 877 2546 Eustathius
892 2503 963 2546 cam
977 2482 1141 2566 ignorant.

565 2639 616 2702 ⁶27.
654 2647 656 2652 '

145 2752 267 2848 steph.
293 2752 378 2847 Byz.
403 2775 435 2845 p.
453 2753 535 2833 239,
557 2752 603 2823 23
639 2748 800 2847 Δρυόπη,
835 2750 942 2832 πόλις
968 2750 1049 2851 περὶ
1075 2752 1140 2834 τὴν

98 2877 225 2970 1μιάνα,
252 2876 439 2973 γράφεται
452 2870 515 2943 καί
528 2871 694 2972 Δρυόπα.
721 2877 742 2945 ὁ
760 2873 911 2959 πολίτης
925 2874 1143 2973 Δρυοπαῖος,

112 2998 326 3095 Ἡρόδωρος,
353 2995 395 3071 ὃν
417 3003 674 3097 παρατίθησιν
700 2992 986 3101 Ἐπαφρόδιτος.

141 3123 216 3188 Huc
238 3121 337 3187 retuli
360 3123 423 3205 hoc
441 3123 675 3209 fragmentum,
699 3145 774 3187 cum
796 3123 974 3191 verisimile
996 3124 1038 3188 sit
1054 3124 1140 3217 Epa»

98 3233 234 3298 roditum
258 3231 519 3313 observationem
550 3232 639 3295 illam
660 3232 790 3296 dedisse
813 3233 851 3296 ad
875 3232 905 3292 B
928 3233 1000 3319 560,
1023 3233 1142 3299 ubido

98 3342 221 3406 rmione
244 3352 275 3405 st
300 3341 414 3419 Asine,
437 3341 613 3428 Dryopum
637 3324 783 3414 urbibus,
815 3342 845 3406 ei
873 3342 1039 3426 agendum
1062 3353 1141 3407 erat.

99 3451 137 3513 od
162 3471 200 3514 eo
223 3449 351 3514 facilius
374 3449 431 3514 tibi
460 3449 668 3536 persuadeas,
703 3448 729 3511 si
761 3452 844 3532 quae
873 3447 927 3512 dat
946 3448 1135 3515 Eustatliius

105 3558 136 3622 lt.
156 3559 177 3622 l.
202 3560 247 3646 (p.
260 3557 332 3641 287,
344 3559 377 3641 6)
400 3557 576 3636 contuleris
608 3555 705 3640 (λέγει
737 3557 771 3617 δὲ
805 3553 837 3641 (ό
856 3555 1063 3641 γεωγράφος)
1087 3556 1143 3620 καί

111 3655 220 3737 Ἀσίνη
243 3656 298 3718 καί
319 3654 453 3738 Ἑρμιών
463 3657 625 3738 Δρυόπων
646 3654 827 3738 οίκτήριον).
857 3655 1138 3748 (ολδῖταδᾸῙῙΠ.

98 3765 159 3831 373.
181 3767 243 3832 IX.
267 3790 299 3854 p.
311 3767 395 3845 434).
1076 3798 1078 3803 ·
1140 3785 1142 3789 ·

566 3925 618 3990 28.

144 4051 194 4117 De
204 4052 285 4119 urbe
296 4050 423 4128 Δάριον
437 4050 690 4139 explicationem
705 4049 870 4135 quandam
883 4006 1141 4137 Epaphroditum

98 4156 175 4225 disse
195 4160 280 4227 haud
305 4160 513 4248 improbabili
536 4158 724 4225 coniectura
744 4157 872 4253 colligit
884 4156 1078 4252 ιΜοίοολιίαε
1098 4157 1141 4230 ad

921 4267 941 4331 3
