2676 4546
652 253 691 318 ll

115 468 228 514 nonne
248 448 284 513 id
306 449 540 519 desiderabat?
575 452 609 517 in
640 452 758 541 quibus
788 463 894 540 poeta,
922 462 958 519 ut
981 453 1057 518 satis
1080 459 1217 533 constat,

116 556 306 622 reconditas
329 579 426 645 saepe
447 559 573 626 fabulas
602 560 805 649 paucissimis
836 562 945 628 verbis
977 561 1142 648 attigerat,
1173 558 1217 624 de

117 663 232 728 multis
257 664 355 730 terris
374 666 570 753 oppidisque
593 679 719 754 egerat,
748 668 811 733 hoc
836 669 1040 757 potissimum
1071 667 1217 733 secundo
1268 697 1270 700 ·

117 770 213 854 libro,
234 771 291 858 qni
312 772 442 837 urbium
463 773 618 859 origines,
651 775 733 840 illud
757 786 883 862 quarta,
905 777 961 863 qui
983 799 1073 843 sacra
1087 776 1218 863 publica

117 904 316 970 omnemque
338 883 476 951 deornm
497 887 622 953 cultum
643 890 855 977 pertractavit
867 890 902 974 ¹).
934 888 1052 975 Neque
1072 909 1152 953 vero
1173 887 1218 951 ita

117 990 166 1059 sui
185 986 355 1058 dissimilis
377 1015 449 1059 esso
469 1005 610 1082 poterat,
621 1006 658 1060 ut
674 996 911 1082 etymologicas
924 1020 988 1081 res,
1004 997 1120 1081 quibus
1131 994 1218 1060 haud

117 1121 254 1186 parvam
276 1100 310 1166 iu
330 1101 405 1168 aliis
427 1104 670 1170 commentariis
692 1116 839 1172 nostrum
865 1129 997 1193 operam
1021 1127 1158 1172 navasse
1173 1103 1219 1169 vi·

117 1207 236 1292 dimna,-
256 1208 291 1277 in
306 1210 375 1276 -hoc
394 1228 527 1298 prorsus
550 1213 748 1300 negligeret.
795 1213 896 1280 Cuius
919 1215 969 1279 rei
992 1215 1144 1300 exempla
1162 1213 1218 1278 ha·

118 1319 177 1383 bes
189 1319 344 1401 &gut-53
357 1302 556 1404 etbfflatque
579 1319 662 1386 haee
687 1321 821 1408 quidem
842 1323 929 1387 hand
954 1322 1059 1388 minus
1081 1321 1160 1386 vilia
1181 1343 1219 1386 ac

72 1470 74 1475 -
117 1428 227 1512 lesia,-
248 1450 347 1514 quam
371 1428 525 1519 plurima
556 1429 741 1497 huiusmodi
776 1452 819 1496 cx
848 1432 968 1499 ceteris
999 1431 1067 1496 eins
1088 1431 1219 1518 scriptis

120 1535 332 1626 deprompta

139 1701 144 1715 =
186 1670 301 1738 Hunc
335 1679 466 1760 praeter
497 1671 694 1738 Homericos
727 1673 996 1759 commentarium
1030 1672 1218 1765 Stephanus

123 1776 307 1866 Byzantius
324 1779 513 1866 usurpavit
524 1781 730 1867 quem'affert
743 1805 769 1848 s.
781 1804 812 1844 v.
825 1780 968 1862 Δωδώνη
984 1780 1062 1862 (vid.
1076 1783 1141 1867 frg.
1152 1780 1218 1866 55).

119 1878 241 1971 Itaque
258 1907 334 1973 cnm
358 1886 426 1952 alia
445 1886 550 1953 nostri
572 1889 694 1974 scripta
718 1912 737 1952 a
762 1887 932 1977 Stephano
957 1888 1131 1977 compilata
1151 1910 1219 1977 non

119 1991 302 2074 videamus,
324 2015 390 2059 nou
411 1994 602 2077 errabimus,
624 1995 652 2060 si
675 2017 793 2061 vocum
814 1996 953 2062 illarum*
968 1997 1216 2084 explicationes,

122 2096 265 2188 quae-in
286 2100 529 2170 commentariis
549 2105 621 2170 eius
638 2103 822 2171 Homericis
841 2107 950 2172 locum
976 2105 1127 2173 habuisse
1151 2127 1218 2172 non

120 2294 318 2302 ————

161 2424 165 2434 “
197 2418 224 2485 1)
252 2415 361 2485 Sequor
377 2414 424 2472 hic
441 2415 640 2471 Schneiderum
666 2415 833 2486 (Prolegom.
850 2416 881 2470 in
899 2416 1005 2471 Gallim.
1024 2423 1114 2472 Αἴτια.
1135 2417 1219 2473 Goth.

118 2515 210 2579 lsai),
242 2528 298 2581 qno
324 2511 409 2566 etiam
432 2512 462 2566 in
487 2511 667 2582 disponendis
685 2511 847 2566 Callimachi
872 2512 1037 2583 fragmentis
1056 2513 1126 2567 duce
1145 2518 1218 2568 ntor.

118 2608 312 2679 Argumentis,
336 2625 407 2678 quae
430 2626 455 2663 v.
475 2608 502 2662 d,
525 2608 629 2672 attulit,
653 2610 685 2662 ut
709 2614 791 2663 Atrea
816 2608 938 2678 doceret⁸
956 2610 992 2664 ab
1010 2609 1118 2680 Elegiis
1137 2609 1219 2663 Calli·

117 2704 211 2759 machi
228 2721 286 2759 non
309 2703 437 2759 'diversas
461 2704 557 2768 fuisse,
583 2702 637 2757 hoc
656 2721 742 2781 unum
761 2695 925 2771 addiderim,
953 2721 988 2758 ex
1014 2722 1069 2774 qao
1090 2706 1120 2759 id
1143 2708 1219 2760 certe

118 2806 238 2873 apparet
257 2800 447 2871 compluribus
466 2817 509 2858 ex,
523 2801 695 2857 carminibus
713 2801 815 2857 librum
835 2818 971 2870 quemque
988 2801 1157 2856 constitisse.
1187 2803 1220 2856 In

117 2897 212 2953 nam.
225 2914 254 2968 p.
267 2899 367 2961 loona
387 2897 466 2969 vocis,
473 2891 601 2968 Ἄσωρον
610 2897 790 2966 explicationi
807 2896 973 2953 haacserba
990 2897 1121 2967 apposita
1140 2900 1221 2952 sunt:

120 2989 200 3051 circ
211 2980 340 3050 Oloris
358 2986 535 3066 ὑπομνήματι
554 2994 610 3049 τῶν
627 2994 676 3047 τοῦ
691 2987 718 3063 ῥ’
738 2996 832 3047 αἰτίου.
873 2992 906 3048 ln
925 2992 979 3048 hoc
996 2994 1078 3048 multi
1099 2997 1128 3048 et
1144 2993 1223 3048 docti

118 3092 174 3148 viri
191 3091 372 3148 offenderunt
390 3091 439 3146 alii
450 3091 488 3146 tr
505 3091 544 3160 τῷ
562 3088 669 3162 sinopa.
694 3089 742 3144 sori
759 3084 785 3159 β’
803 3089 852 3144 alii
870 3090 925 3144 alia
945 3092 1094 3146 mutantes.
1137 3091 1223 3160 Equi·

118 3189 367 3246 (immutandum
386 3188 539 3259 quidquam
558 3204 619 3242 esse
637 3203 718 3257 nego,
746 3187 796 3241 sed
821 3188 1034 3258 intelligendum
1059 3189 1114 3242 τῶν
1131 3187 1179 3242 τοῦ
1196 3182 1222 3256 β’

118 3291 208 3347 alstca
226 3282 429 3362 saturauimus.
449 3286 587 3356 thyrsos.
634 3285 704 3341 Nam
728 3285 754 3339 'ai
777 3285 923 3354 complura
941 3286 1058 3354 quisque
1073 3285 1147 3340 liber
1164 3302 1225 3339 car·

118 3384 195 3445 mina
215 3383 439 3454 comprehendit,
455 3381 721 3450 rectedicipoterat
738 3375 892 3452 ὑπόμνημα
910 3381 965 3435 τῶν
982 3382 1030 3434 τοῦ
1047 3375 1080 3450 β’.
1098 3381 1222 3448 Quocum

119 3481 212 3537 altera
231 3479 356 3537 eiusdem
373 3478 495 3535 Theonis
521 3479 750 3533 commemoratio
771 3477 912 3532 consentit
939 3478 977 3547 (p.
987 3481 1050 3544 207,
1058 3480 1118 3546 46):
1148 3473 1224 3533 Οὕτω

120 3581 199 3632 Θέων
215 3577 247 3643 ²¹?
264 3581 321 3635 τοῖς
340 3568 523 3647 ὑπομνήμασι
544 3574 591 3626 τοῦ
618 3568 645 3625 α’
669 3575 757 3626 αἰτίου
781 3567 975 3644 Καλλιμάχου,
1003 3577 1036 3626 ut
1061 3577 1139 3626 certe
1166 3572 1223 3626 dici

119 3691 178 3729 non
195 3667 309 3745 poteret
326 3659 382 3726 nisi
405 3671 510 3741 singuli
528 3671 594 3725 libri
612 3670 756 3741 complura
776 3668 900 3723 carmina
920 3669 1127 3738 continuerunt,
1152 3686 1222 3738 qnae

119 3768 218 3826 Theon
234 3767 444 3835 commentariis
462 3767 656 3821 illustraverat
673 3767 713 3820 ita
730 3770 762 3819 ut
774 3764 1018 3836 qnesi'complura
1034 3760 1222 3837 ὑπομνήματα

121 3870 158 3927 sd
174 3887 262 3927 uuum
277 3870 383 3927 librum
402 3869 571 3940 scripsisset.
610 3868 703 3923 Priori
722 3885 832 3937 qnoque
850 3867 913 3922 loco
931 3862 1112 3940 ὑπομνήμασι
1131 3873 1223 3922 mute·

119 3982 182 4024 mus
199 3982 314 4024 neeesse
331 3967 389 4022 non
409 3970 462 4033 est,
484 3974 556 4021 'cum
580 3965 665 4020 iidem
689 3965 882 4020 commentarii
909 3969 942 4019 ut
965 3968 1057 4019 totum
1084 3964 1221 4035 singulari

120 4083 238 4121 numero
259 4059 412 4139 ὑπόμνημα
431 4063 488 4118 dici
502 4064 625 4135 possint3
652 4063 694 4117 ita
717 4063 790 4116 enim
808 4060 998 4132 Epaphroditi
1019 4061 1131 4115 nonnisi
1149 4055 1219 4116 ὑπό-

120 4181 219 4241 μνημα
237 4162 350 4219 citatur.
474 4154 490 4165 ”
549 4152 552 4157 ’
626 4158 628 4163 ’
664 4151 667 4155 ¹
