2676 4546
718 223 757 286 16

188 446 284 510 quem
309 422 415 489 Orum
438 422 509 488 esse
533 423 671 488 alterum
694 424 801 511 ipsum
826 426 960 493 nomine
983 429 1132 518 apposito
1156 428 1289 518 indicat,

185 537 335 616 alterum,
358 531 531 618 quominus
550 532 761 620 accipiamus,
784 557 849 599 non
873 537 986 602 obstat.

274 642 451 728 Quaeritur
480 665 576 724 nunc,
607 667 686 708 num
718 643 781 708 alia
803 666 933 729 quoque
959 645 1103 711 carmina
1121 645 1289 712 Hesiodea

185 751 429 819 commentariis
450 760 562 816 noster
585 751 816 818 illustraverit.
835 752 888 818 Ne
910 754 1013 818 inhia
1035 754 1170 844 quidem
1184 755 1288 822 schn-

188 863 240 928 liis
262 861 380 947 partim
405 882 445 926 cx
469 861 711 927 commentariis
733 861 1037 946 antiquissimorum
1060 862 1288 949 grammatico

188 993 260 1035 rum
283 969 389 1035 ductis
408 969 586 1055 vestigium
607 970 717 1036 inveni
739 971 852 1036 ullum.
885 970 1018 1036 Iuvabit
1038 972 1092 1040 hic
1106 972 1289 1040 Muetzellii

191 1080 247 1162 (dc
272 1078 693 1165 emendationeThecgon.
710 1079 846 1144 Hesiod.
868 1101 900 1165 p.
917 1079 991 1161 291)
1014 1082 1114 1147 verba
1136 1081 1288 1147 transcri-

186 1189 306 1277 psisse:
334 1188 468 1254 ‘Contra
490 1186 732 1274 Hieronymum
757 1200 789 1254 et
811 1188 1084 1277 Epaphroditum,
1105 1211 1174 1254 non
1194 1190 1288 1277 igno-

162 1283 259 1364 'bilis
283 1296 460 1362 memoriae
489 1297 755 1384 grammaticum,
787 1319 868 1382 quos
898 1297 931 1364 in
957 1280 1096 1364 Scutum
1131 1296 1287 1364 Herculis

184 1415 423 1471 commentatos
447 1407 559 1488 cssc1)
582 1406 806 1494 comperimus.
822 1427 865 1470 cx
888 1406 997 1488 Etym.
1019 1405 1106 1472 Gud.
1130 1407 1228 1494 pse,
1249 1408 1287 1472 13

185 1539 234 1602 sq.
258 1539 289 1602 p.
307 1516 359 1598 69,
370 1515 411 1580 46
433 1522 465 1578 et
486 1514 634 1578 Parisino
658 1515 746 1600 apud
769 1504 900 1579 Ruhnk.
930 1514 1023 1602 epist.
1042 1514 1114 1580 crit.
1134 1513 1159 1595 I.
1180 1539 1213 1602 p.
1227 1516 1288 1580 104

189 1635 222 1688 et
245 1620 353 1689 Boka-
374 1623 415 1687 ad
438 1622 550 1708 Etym.
563 1645 605 1686 m.
627 1647 660 1710 p.
674 1624 745 1708 724,
768 1623 879 1707 ecquis
900 1624 1028 1708 aequali
1050 1624 1159 1689 studio
1179 1624 1287 1694 Theo·

178 1734 318 1820 -goniam
351 1739 569 1825 pertractasse
599 1742 780 1814 asseveret,
797 1786 799 1791 .
816 1754 853 1796 ea
884 1734 986 1797 fretus
1015 1733 1162 1817 ratione,
1196 1734 1286 1822 quod

187 1842 407 1926 Aristarchus,
430 1839 558 1924 Crates,
580 1840 751 1931 Seleucus,
784 1839 852 1924 alii,
884 1838 1027 1905 omnium
1049 1841 1144 1906 simul
1176 1865 1286 1909 curam

184 1951 403 2039 susceperint.
450 1950 501 2015 Dc
523 1949 575 2016 bis
599 1949 736 2035 aliisque
760 1952 858 2015 rebus
875 1949 1047 2034 similibus,
1075 1951 1146 2016 nisi.
1166 1951 1286 2040 mirum

189 2072 344 2146 quantum
380 2059 515 2123 adaucta
543 2070 691 2123 veterum
725 2059 1014 2148 grammaticorum
1034 2060 1170 2143 notitia,
1202 2060 1285 2137 nihil

184 2170 266 2237 certi
290 2169 424 2258 definiri
448 2169 580 2256 poterit,
602 2168 703 2252 igitur
723 2190 889 2256 nunquam
910 2169 1069 2233 fortasse.’
1121 2253 1124 2260 Ι

346 2448 348 2453 .
413 2387 647 2475 Hypcmnema
666 2386 699 2452 in
723 2386 918 2461 Callimachi
936 2383 1053 2450 Aina.

205 2648 207 2653 ,
267 2579 380 2665 Atque
418 2577 525 2667 eliam
544 2573 645 2640 Αἴτια
680 2553 892 2660 Callimachi,
920 2598 1002 2664 opus
1031 2573 1206 2657 γυμνάσιον
1239 2573 1284 2648 εἰς

183 2686 328 2769 ἐξήγησιν
352 2685 586 2769 γραμματωὲαῖν
608 2669 825 2752 aClemcnte
847 2683 1076 2750 Alexandrino
1112 2683 1284 2768 (Stromat.

182 2797 224 2860 V.
245 2818 278 2882 p.
292 2795 367 2874 271)
392 2795 593 2883 appellatum
617 2794 862 2883 Epaphroditus
886 2793 1012 2879 ingenii
1033 2791 1285 2878 studiorumque

183 2928 314 2972 suornm
340 2903 404 2970 sibi
428 2905 566 2993 sumpsit
587 2905 791 2990 palaestram.
808 2892 910 2986 ¹'Quo
936 2902 1168 2969 commentario
1190 2904 1217 2967 si
1241 2926 1285 2970 ex

182 3013 355 3103 perpaucis
379 3036 466 3101 quae
489 3010 664 3100 supersunt
694 3013 811 3077 horum
842 3005 1024 3076 studiorum
1048 3000 1284 3098 speciminibus

181 3117 341 3202 colligere
363 3116 647 3203 quidquamlicet,
680 3137 745 3180 non
776 3123 840 3207 tam
878 3113 1024 3179 difficilia
1057 3114 1158 3177 verba
1183 3125 1216 3178 et
1241 3117 1284 3181 ab

181 3251 242 3291 usu
263 3219 388 3291 remota
411 3223 543 3290 uidetur
566 3233 704 3288 sectatus
719 3213 812 3304 esse,
837 3246 931 3310 quam
957 3222 989 3286 id
1013 3219 1121 3310 potius
1139 3244 1284 3309 curasse,

181 3347 216 3401 ut
237 3335 478 3420 mythologicas
501 3357 555 3399 res
577 3333 885 3420 geographicasque
910 3326 1084 3418 indagaret
1105 3340 1203 3417 atque
1226 3330 1282 3423 ex}

181 3456 330 3533 poneret.
376 3442 496 3527 Quid?
537 3443 664 3509 Natura
687 3443 766 3530 ipsa
780 3466 818 3506 nc
838 3441 921 3522 ratio
944 3440 1124 3508 carminum
1147 3434 1283 3506 illorum

254 3646 279 3715 1)
297 3646 339 3700 De
357 3645 527 3714 Hieronymo
548 3643 662 3712 quidem
681 3660 792 3699 errasse
809 3644 901 3699 virum
919 3643 1033 3698 doctum
1050 3647 1129 3711 puto,
1144 3657 1208 3696 cum
1217 3641 1284 3697 Hie·

179 3760 310 3811 ronymus
328 3759 390 3795 cum
398 3740 594 3811 Epaphrodito
613 3740 643 3794 in
661 3740 785 3809 fragm
804 3740 972 3795 coniunctus
989 3739 1061 3791 alius
1079 3737 1282 3807 intelligendus
1319 3706 1329 3813 l

181 3856 238 3892 non
258 3839 303 3906 sit,
324 3854 407 3907 quam
426 3825 551 3890 Rhodiub
569 3835 626 3901 ille,
645 3837 828 3905 philosophus
847 3835 1060 3904 Peripateticus,
1086 3851 1121 3886 ex
1140 3833 1222 3887 cuius
1239 3833 1282 3887 hi-
1321 3824 1329 3921 J

80 3935 268 4272 {toris
286 3935 419 4006 (ἱστορικὰ
436 3928 624 4006 ὑπομνήματα
640 3932 742 3985 Athen.
752 3931 825 3998 Xlll,
837 3930 931 3986 557E.
952 3931 1048 3984 6041).
1083 3930 1116 3982 τὰ
1135 3923 1282 4000 σποράδην.
1319 3924 1329 4101 ³

127 4040 132 4051 '
178 4025 366 4105 ὑπομνήματα
384 4030 466 4100 Diog.
485 4029 615 4096 Laertl,
629 4031 674 4097 26)
697 4027 769 4081 illud
793 4027 828 4082 de
851 4027 939 4082 leonis
959 4026 1049 4081 cauda
1065 4025 1217 4080 verisimile
1235 4030 1282 4080 cst
1319 4100 1323 4107 Ι

161 4129 305 4185 [nostrum
326 4126 542 4196 deprompsisse.
789 4171 798 4183 ,
993 4128 995 4131 ’
1086 4166 1089 4173 ,
1249 4139 1280 4171 ,ι
1320 4106 1329 4232 ¹

1277 4426 1280 4432 ·
1324 4404 1329 4451 i
