2676 4546
609 1194 853 1285 ,Π

282 1529 285 1535 .
468 1414 530 1499 De
561 1405 711 1525 scriptis
741 1408 1012 1537 Epaphroditi.
1124 1411 1188 1425 '¹

274 1626 414 1710 Literna,
436 1626 552 1710 quibus
574 1635 611 1690 ut
631 1625 771 1691 vidimus
792 1623 1019 1695 Alexandriae
1043 1600 1297 1712 Epaphroditus'

190 1734 367 1801 instructus
389 1745 470 1818 erut,
493 1735 625 1818 Romae,
648 1734 704 1801 ubi
726 1757 791 1799 una
814 1757 886 1798 cum
910 1755 949 1799 eo
971 1735 1160 1822 complures
1182 1759 1291 1820 gram-

191 1842 299 1908 matici
322 1836 547 1909 celebritatem
571 1855 669 1935 atque
692 1843 917 1909 auctoritatem
939 1835 1086 1909 docendo
1109 1832 1172 1908 sibi
1202 1868 1293 1910 corn-

191 1975 307 2042 parure
331 1946 674 2036 studebantstrenue
695 1955 808 2019 colere
844 1976 909 2018 non
938 1940 1044 2019 desiit.
1105 1951 1293 2033 Permultos

193 2061 281 2126 enim
311 2060 412 2127 libros
443 2071 476 2126 et
505 2061 590 2150 ipse?
611 2062 742 2149 scripsit
774 2071 807 2129 ct
838 2062 879 2125 ad
902 2044 1086 2144 augendam
1108 2060 1292 2145 doctrinam

192 2191 283 2246 suam
308 2178 407 2255 atque
430 2169 648 2235 eruditionem
670 2168 851 2256 acquisivit.
888 2171 1004 2255 Itaque
1028 2150 1293 2254 huudcxignam

193 2277 254 2343 sibi
275 2278 401 2365 paravit
419 2278 559 2364 gloriam
582 2287 614 2341 et
635 2278 757 2365 scripta
791 2278 859 2344 eius
892 2300 990 2365 saepe
1012 2303 1030 2342 a
1054 2277 1292 2365 posterioribus

192 2396 228 2451 ut
249 2387 357 2451 fontes
379 2386 535 2451 uberrimi
558 2385 805 2452 adhibebantur.
829 2386 932 2452 Nobis
955 2394 1062 2451 autem
1083 2386 1199 2450 notitia
1223 2387 1294 2450 cius

191 2495 353 2560 librorum
367 2497 438 2560 fere
458 2496 562 2560 omnis
583 2517 624 2560 ex
647 2496 761 2582 paucis
782 2495 986 2582 fragmentis,
1010 2495 1175 2561 interdum
1195 2494 1293 2560 etiam

193 2623 237 2666 ex
257 2598 362 2669 titulis
385 2625 498 2668 eorum
519 2604 660 2691 petenda
683 2614 743 2670 est.
764 2603 816 2670 Ex
839 2603 890 2668 his
911 2603 1012 2688 igitur
1031 2603 1171 2687 indiciis,
1191 2625 1293 2688 quan-

192 2721 261 2776 tum
284 2712 354 2777 lieri
378 2721 496 2799 potest,
519 2713 632 2800 quales
657 2711 731 2776 libri
748 2711 796 2776 illi
810 2711 1106 2794 luissevideantur,
1129 2711 1291 2798 colligere

194 2821 394 2886 conabimur.

644 2974 672 3037 1.
719 2970 840 3047 Λέξεις.

278 3106 329 3168 Ac
356 3105 496 3191 primum
528 3105 659 3192 quidem
684 3106 796 3179 Λέξεις
822 3106 1088 3195 Epaphroditum
1121 3108 1293 3194 scripsisse

195 3223 321 3279 constat
346 3237 389 3279 ox
411 3212 635 3280 ScholArist.
647 3215 759 3299 Equit.
779 3240 810 3281 v.
825 3217 914 3282 1158.
936 3217 1037 3304 Vesp.
1060 3241 1091 3281 v.
1106 3217 1178 3283 352.
1227 3219 1295 3300 Qui
1334 3211 1337 3215 ¹

193 3321 277 3386 liber
301 3345 494 3409 quamquam
516 3323 709 3409 simpliciter
731 3325 852 3390 lexeon
875 3326 970 3390 titulo
993 3325 1165 3402 laudatur‚'
1185 3327 1292 3410 qualis

194 3429 302 3514 fucrit,
327 3451 527 3516 cognoscere
548 3433 761 3498 tamenlicet.
818 3435 904 3501 Oum
936 3456 989 3498 eas
1021 3435 1148 3519 glossas
1181 3435 1291 3520 perlu-

195 3547 333 3602 stramus
358 3538 444 3602 haud
474 3563 605 3626 paucas,
639 3540 755 3626 quibus
787 3540 821 3606 in
846 3541 1082 3626 Etymologicis
1117 3551 1149 3610 et
1172 3541 1293 3629 Magno

196 3656 228 3711 et
251 3646 415 3732 Gudiano,
450 3670 532 3733 quae
567 3649 675 3714 lexico
699 3649 917 3738 Epaphroditi
951 3651 1058 3715 lexico
1092 3651 1294 3736 locupletata

167 3764 172 3771 '
196 3765 280 3837 sunt,
304 3757 397 3822 huius
416 3779 535 3822 nomen
558 3758 633 3822 libri
655 3768 763 3824 tamon
787 3760 882 3826 titulo
899 3760 1017 3824 omisso
1031 3760 1216 3847 appositum
1229 3747 1280 3827 est

198 3865 303 3930 nullas
322 3866 409 3948 alias,
431 3889 526 3953 quam
549 3879 719 3954 poetarum
742 3870 940 3936 comicorum
964 3881 996 3934 ct
1011 3871 1179 3957 epicorum
1192 3893 1277 3937 voce

195 3974 325 4039 videtur
359 3984 521 4042 tractasse.
574 3976 651 4045 Uno
685 3988 792 4042 autem
826 3977 992 4044 volumino
1023 3988 1054 4043 et
1085 3979 1225 4045 comicas
1258 4001 1276 4045 e

196 4084 305 4170 epicos
327 4085 452 4168 glossas
471 4086 717 4171 grammaticum
739 4096 884 4151 nostrum
900 4087 1109 4176 complexum
1126 4111 1198 4154 csso
1215 4113 1279 4155 cun
