2676 4546
665 223 686 288 9
802 184 808 201 ‚

115 444 177 510 per
199 445 236 489 se
259 422 428 510 probabile
453 433 592 490 nonest
617 432 685 489 tum
709 422 766 489 illa
789 432 988 511 notataque
1013 420 1152 507 singulis
1176 421 1217 486 li-

115 531 182 599 bris
204 533 301 598 unius
324 533 518 621 scriptorum
543 544 757 620 poetarumve
779 533 917 625 generis
935 534 989 597 vel
1014 532 1109 599 unius
1134 530 1216 596 certi

118 639 290 706 cuiusdam
313 641 482 730 scriptoris
498 652 657 729 poetaeve
671 644 800 729 glossas
823 641 990 730 explicare
1010 641 1216 726 grammatici

116 751 278 831 solebant,
307 751 498 817 inauditum.
552 753 667 837 Itaque
695 752 887 839 praesertim
916 773 993 816 cum
1015 732 1216 836 tragicarum

115 861 301 945 glossarum
325 862 365 927 ab
388 883 427 927 eo
451 871 660 927 tractatarum
681 884 723 927 ne
746 860 823 926 alibi
849 860 982 945 quidem
1003 860 1108 925 ullum
1126 858 1216 925 inve·

115 968 243 1034 niamus
265 968 493 1053 vestigium1),
523 969 635 1057 opicae
657 979 765 1034 autem
786 968 864 1033 illae
886 969 940 1033 vel
963 966 1072 1054 potius
1094 967 1216 1033 Home·

115 1076 203 1142 ricae
225 1077 325 1141 —ad
347 1059 529 1144 Homerum
554 1074 732 1143 enimfera
754 1101 855 1142 unum
879 1077 1029 1162 reliquae
1051 1077 1218 1164 pertinent

114 1184 417 1250 -commentariis
441 1186 624 1252 Homericis
646 1185 744 1252 facile
768 1184 1013 1271 dispertiendae
1037 1185 1111 1269 sint,
1142 1207 1216 1272 pro-

115 1294 272 1360 babiliter
304 1293 469 1365 coniicere
499 1295 576 1360 licet
606 1296 740 1381 plenum
762 1305 858 1382 atque
881 1295 1048 1380 integrum
1072 1293 1216 1358 indicem

115 1403 191 1469 libri
214 1404 256 1468 ab
278 1402 502 1493 Epaphrodito
525 1405 697 1492 compositi
720 1403 821 1469 fuisse
839 1403 952 1478 Λόξεις
974 1401 1126 1482 κωμικός.
1152 1401 1216 1470 Cui

116 1511 300 1577 sententiae
323 1513 430 1579 nudus
453 1513 511 1578 ille
535 1537 552 1576 a
574 1513 749 1578 scholiasta
770 1511 1016 1599 Aristophaneo
1041 1510 1157 1575 citatus
1178 1510 1216 1576 ti·
1307 1572 1313 1586 ,

114 1622 204 1687 tulus
220 1643 287 1687 uon
303 1623 418 1687 obstat.
448 1605 543 1704 Nam,
564 1643 604 1686 ne
630 1621 704 1686 huic
728 1621 775 1686 rei
800 1636 953 1706 magnam
977 1618 1118 1685 tribuam
1139 1619 1217 1701 vim,

117 1731 206 1817 quod
240 1730 354 1795 comici
384 1741 502 1818 poetae
531 1731 707 1799 scholiasta
731 1731 767 1794 in
789 1729 913 1795 comico
940 1729 1047 1794 lexico
1072 1749 1218 1794 comme·
1309 1725 1313 1734 ’

116 1837 279 1905 morando
312 1838 495 1926 simplicem
524 1839 621 1905 lexioi
653 1839 899 1926 inscriptionem
931 1837 1028 1902 facile
1060 1837 1217 1902 adhibere

114 1956 263 2034 poterat:
284 1970 385 2034 saepe
404 1948 591 2014 huiusmodi
616 1947 811 2036 scriptorum
828 1947 958 2013 indices
975 1946 1113 2012 mutilati
1130 1954 1215 2029 sunt,

116 2057 208 2122 cuius
230 2057 278 2123 rei
303 2057 424 2143 siquis
452 2058 640 2146 exemplum
672 2057 805 2146 cupiat„
824 2056 1009 2121 meminerit
1033 2056 1215 2140 Harpocra-

116 2164 215 2235 tiouis
237 2165 370 2232 lexicon
398 2165 591 2254 inscriptum
607 2187 694 2231 ‚esse
724 2164 760 2230 in
789 2164 957 2230 codicibus
991 2187 1077 2228 nuno
1103 2164 1216 2237 Λέξτις

72 2338 75 2345 ,
117 2275 180 2337 τοῖν
193 2272 279 2341 ’δέκα
302 2270 443 2356 ῥητόρων
461 2298 547 2365 nunc
568 2275 642 2352 περὶ
664 2275 724 2337 τῶν
745 2273 858 2348 λέξεων·
881 2272 1015 2352 βιβλιόν,

122 2400 125 2409 “
200 2378 300 2457 Hunc
322 2364 538 2472 Epaphroditi
562 2382 681 2455 librum
700 2381 869 2447 literarum
886 2381 1002 2447 ordine
1019 2380 1215 2468 dispositum

115 2472 1218 2576 fuissaaolligooxloeoseholuheon.(1,115.vid.Fragm.1),

115 2599 174 2665 uhi
195 2597 239 2667 ad
258 2622 378 2673 ,vocem
390 2599 591 2678 Ἀρέθουσαν
607 2601 757 2667 laudatur
772 2599 1002 2682 Ἐπαφρόδιτος
1019 2600 1057 2668 ,ἐν
1076 2601 1125 2683 τρῖ
1143 2598 1219 2679 napi

116 2705 295 2784 στοιχειότν.
315 2776 318 2781 ,
335 2709 444 2790 ¹Quem
468 2710 599 2775 titulum
621 2718 656 2774 ut
679 2720 781 2775 totum
805 2710 916 2791 locum
938 2705 1121 2774 mutilatum
1144 2730 1215 2774 esse

115 2816 181 2880 iam
204 2815 400 2891 Dnehnerus
422 2816 514 2898 vidit,
548 2818 600 2903 qui
624 2819 666 2883 ad
682 2819 714 2883 h.
739 2820 759 2883 l.
783 2819 850 2884 itaz-
876 2817 1146 2905 ‘Epaphroditum
1176 2816 1218 2882 de

117 2944 155 2987 ea
174 2944 215 2989 re
239 2923 362 2991 dixisse
386 2926 556 3013 probabile
580 2927 684 2992 estin
716 2922 914 3007 ὑπομνήματι
937 2927 992 3005 τῆς
1010 2923 1216 3003 Ὀδυσσείας,

119 3113 316 3122 -ι--..

133 3212 135 3216 ⁴
189 3179 219 3247 1)
236 3177 359 3246 Lapsum
380 3178 454 3232 enim
475 3196 534 3232 esse
554 3178 575 3231 Ι.
593 3178 761 3233 Richterum'
778 3180 824 3250 (de
843 3180 944 3234 Aesoh.
962 3179 1037 3249 Soph
1062 3177 1160 3248 Eurip.
1178 3154 1220 3232 in-

111 3277 211 3344 «temp.
231 3272 279 3328 (δι’.
299 3292 327 3343 p.
338 3277 393 3342 93),
413 3275 461 3344 qui
480 3276 574 3344 glossa
590 3276 639 3329 illa
657 3276 758 3329 Suidae
777 3276 857 3345 (11,1.
877 3294 904 3345 p.
913 3277 960 3346 83)
981 3271 1073 3346 ’κάρτα
1092 3269 1219 3348 ἐπαφρό-

117 3370 198 3430 ‹lncc’
220 3386 283 3427 cum
302 3372 429 3439 sequenti
448 3366 555 3443 *κάρτα
575 3374 606 3427 ἐκ
623 3374 678 3427 τῶν
695 3376 884 3444 Σοφοκλέους’
904 3380 977 3432 Αἴας
993 3376 1081 3443 φησὶν
1098 3369 1169 3443 πρὸς
1186 3366 1217 3427 τὸ

117 3465 189 3520 ἴδιον
207 3469 310 3537 τέκνον.
326 3462 419 3545 ziph
439 3473 553 3538 φρονεῖν
571 3465 625 3538 γὰρ
644 3461 718 3535 κάρτ’
730 3463 872 3524 ἀνώδυνον
890 3463 985 3544 κανόν’
1002 3468 1042 3521 ita
1052 3468 1218 3541 coniuncta:

117 3557 235 3632 ‘liciata'
253 3563 284 3616 ln
303 3564 358 3616 τῶν
377 3566 562 3635 Σοφοκλέους.
600 3568 645 3616 καὶ
661 3559 876 3637 Ἐπαφρόδιτος·
902 3570 974 3623 Αἴας
992 3568 1079 3636 φησὶν
1097 3583 1121 3616 κ.
1143 3584 1168 3618 τ.
1186 3564 1218 3616 λ’

117 3656 418 3729 Sophocleasquoque
439 3659 546 3727 glossas
557 3658 782 3729 Epaphroditum
799 3664 936 3732 tractasse
954 3658 1144 3739 affirmaverit,
1162 3659 1218 3712 iam

114 3740 403 3821 Schneidewinuslin
421 3755 502 3808 Jahn.
522 3754 619 3811 Jahrb.
638 3755 657 3809 f.
677 3756 748 3809 Phil.
765 3775 791 3810 u.
810 3755 931 3827 Paedag.
941 3755 1051 3819 LXVII,
1064 3758 1088 3808 5.
1107 3756 1218 3835 stoa),

117 3852 183 3917 post
201 3864 266 3901 eum
280 3847 318 3901 M.
331 3847 464 3903 Schmidt.
485 3850 559 3918 (Did.
578 3851 632 3921 frg.
652 3870 678 3920 p.
691 3854 725 3905 29
746 3851 816 3920 not.)
835 3851 999 3904 docuerunt.
1018 3850 1115 3918 Itaque
1134 3849 1218 3902 simul

117 3944 146 3999 G.
164 3942 261 3998 Wolfii
279 3944 443 3999 coniectura
460 3946 583 4001 refutata
602 3950 653 4012 est,
681 3948 728 4016 qui
753 3948 807 4011 (fide
828 3947 912 4016 Soph.
933 3946 1064 4000 scholior.
1083 3946 1218 3999 Laurent.

115 4041 203 4095 variis
224 4039 335 4095 fontih!
355 4059 383 4111 p.
393 4044 428 4096 25
438 4042 490 4112 sq.)
516 4043 644 4098 Richteri
661 4047 772 4098 tantum
791 4044 953 4098 coniectura
971 4044 1048 4097 nisus
1067 4042 1102 4097 de
1121 4046 1218 4096 nostro
1261 4048 1265 4053 '

118 4135 313 4208 Epaphrodito
331 4140 363 4190 ut
382 4136 472 4192 altero
490 4139 702 4194 scholiastarum
722 4139 901 4208 antiquorum
919 4140 1064 4209 Sophoclis
1083 4140 1199 4210 cogitat,
