2676 4552
637 224 688 290 sn

114 421 195 487 huic
221 417 466 504 ὥςλέγιιὨρος.
497 427 583 494 Aliis
610 448 740 512 quoque
764 426 866 490 nostri
893 424 1103 512 grammatici
1118 424 1216 512 scrip·

115 532 159 596 tis
175 530 279 599 Orum
299 555 393 598 usum
410 556 494 600 esso
509 545 542 599 et
560 535 636 599 inde
659 558 777 620 paucas
801 556 914 599 eorum
936 537 969 599 in
986 533 1216 620 etymologiois
1253 613 1259 624 .

115 652 298 707 asservatas
321 642 554 731 explicationes
579 645 711 709 haustas
733 666 804 708 esse
839 645 1028 730 exemplum
1059 644 1216 710 habemus

115 750 411 816 luculentissimum
433 753 467 817 in
488 753 577 818 vocis
601 752 780 832 ἀπότροτος
810 753 1028 838 explicatione
1063 752 1142 837 (ing.
1154 752 1218 833 51),

115 859 172 923 ubi
194 858 228 923 in
249 859 301 924 llt.
324 859 410 925 Gud.
435 870 467 925 et
489 861 571 926 Lex.
597 860 721 944 Angel.
746 845 910 946 adscripta
934 869 1009 923 sunt
1030 859 1129 924 haec:
1163 854 1215 919 οῧ-

115 989 178 1040 τως
197 963 426 1049 Ἐπαφρόδιτος
454 968 487 1031 ἐν
509 965 685 1048 ὑπομνήσει
716 968 793 1053 (sic)
825 966 958 1040 ἀσπίδος
978 963 1147 1041 Ἡσιόδου,
1183 966 1217 1030 in

117 1096 237 1158 magno
258 1086 366 1141 autem
376 1086 487 1163 etym.
510 1078 560 1141 his
583 1077 661 1164 ipsis
684 1077 793 1141 verbis
817 1077 941 1141 omissis
974 1100 1059 1141 nunc
1092 1076 1216 1161 legitur

118 1177 335 1260 οὕτωςὨρθς.
390 1184 489 1252 Unde
508 1187 683 1272 'colligere
714 1186 792 1250 licet
823 1185 856 1248 in
891 1182 1000 1250 multis
1032 1186 1084 1251 Et.
1107 1184 1217 1269 magni

118 1293 348 1374 notationibus,
380 1317 462 1382 quae
485 1320 571 1361 nunc
595 1295 656 1362 Ori
678 1318 796 1360 nomen
823 1318 901 1383 prae
923 1317 958 1360 se
982 1296 1099 1377 ferant,
1127 1280 1217 1382 Epa-

116 1401 262 1486 phroditi
238 1403 361 1469 ttdoc
349 1405 465 1469 trinam
488 1405 533 1468 lat
521 1418 601 1487 tere,
624 1427 707 1490 quae
731 1404 863 1489 quidem
885 1402 1010 1487 latebit,
1049 1404 1112 1496 nisr
1104 1403 1217 1468 'forte

116 1510 157 1574 ad
179 1510 265 1575 hanc
284 1513 494 1600 aperiendam
512 1514 643 1578 aliunde
656 1513 809 1594 subsidia,
827 1513 942 1597 quibus
957 1535 1043 1577 nunc
1058 1510 1217 1623 caremus,

117 1621 286 1686 accedent

203 1728 257 1792 Ad
277 1728 339 1803 hoc
351 1731 483 1794 lexicon
502 1731 764 1819 componendum
783 1733 873 1795 fonte
885 1731 1037 1795 utebatur
1051 1728 1217 1795 uberrimo

116 1836 277 1923 Didymo,
304 1837 338 1913 id
372 1840 457 1924 quod
478 1850 609 1926 praetor
628 1841 746 1926 fragm.
762 1840 800 1902 12
824 1839 920 1904 etiam
939 1839 1028 1904 vocis
1051 1836 1219 1899 ’ἀσκωλιά-

121 1945 187 2021 ζειν
210 1946 333 2010 notatio
358 1946 490 2033 (fragm.
504 1949 537 2031 6)
562 1948 746 2013 luculenter
764 1970 825 2012 nos
851 1947 955 2011 docet.
1012 1947 1105 2030 Quae
1130 1946 1217 2031 enim

118 2057 219 2153 verba
241 2042 360 2133 κυρίοις
382 2056 442 2137 γὰο
450 2054 675 2133 ἀσκωλιάζειν
692 2062 813 2137 λέγεται
827 2052 861 2118 τὸ
875 2055 928 2117 ἐπὶ
942 2054 1046 2117 οἷσκῶν
1061 2052 1218 2117 ἅλλεσθαι

117 2186 159 2229 ex
176 2160 398 2252 Epaphroditi
427 2167 535 2232 lexico
572 2167 754 2256 desumpsit
785 2165 883 2247 Orus,
915 2188 956 2228 ex
979 2164 1113 2231 Oroet
1101 2165 1215 2250 tymol.

117 2277 196 2359 mg„
218 2272 333 2339 eadem
357 2272 531 2340 scholiasta
553 2275 724 2377 Aristoph.
747 2261 845 2356 (Plut.
867 2299 896 2339 v.
920 2274 1014 2358 1129)
1046 2283 1083 2338 ut
1110 2273 1216 2347 aDi-

119 2382 220 2480 dymo
244 2386 392 2487 proiecta
415 2386 510 2449 affert
527 2360 680 2450 nonnulis
694 2376 906 2474 amplificata.
929 2382 1048 2462 κνριως
1061 2374 1137 2444 δὲ
1113 2405 1217 2443 “⁰²⁰²-

112 2489 238 2570 ,λιοῖζειν
262 2482 367 2574 ἔλὲγον
390 2490 423 2554 ui
445 2492 500 2556 ἐπὶ
521 2494 582 2555 τῶν
608 2492 713 2556 doario
738 2492 932 2555 &modost
917 2515 1009 2556 ενεκα
1029 2491 1083 2554 τοῦ
1115 2494 1217 2598 palo>-

114 2602 264 2668 τοαοιεῖν.
292 2602 325 2665 ἐν
353 2600 440 2684 μέσῳ
466 2602 500 2664 ot
522 2603 578 2663 τοῦ
568 2601 742 2729 ιθεάτμσσ
765 2599 947 2667 ἔμ”θεντο
928 2593 1050 2672 σσκούς
1066 2621 1214 2682 πεφυση-

116 2707 234 2787 μένους
255 2735 306 2773 και
332 2709 552 2791 α’ληλιμὲνοος,
582 2709 628 2783 εἷς
652 2707 705 2783 οὓς
728 2709 930 2788 ἐναλλόμενοι
955 2706 1135 2788 ω’λισθοινον
1158 2730 1216 2768 κα-

119 2814 229 2899 θαπερ
248 2813 409 2897 Εέβουλσς
432 2819 464 2880 ὲν
487 2821 656 2905 Δαμαλειλμ
681 2819 778 2901 φησιν
801 2817 918 2890 οὕτως·

401 2967 443 2977 —-
464 2929 518 2991 καί
541 2928 620 3007 πρός
641 2950 675 3009 γε
698 2926 817 3002 τούτοις
839 2926 938 2990 doario
961 2928 993 3002 ἐς
1013 2925 1112 3007 μέσον

320 3040 510 3115 repudiatae
537 3037 744 3099 εἰσιέλλεσθαι
767 3037 822 3100 καί
842 3035 1014 3117 καγχάζετε

285 3138 288 3145 ’
316 3144 370 3209 ἐπὶ
389 3152 453 3221 τοῖς
475 3143 709 3230 καταρῥέοοσιν
735 3145 795 3208 nimi
819 3144 1038 3223 κελεύσματος.

116 3248 201 3315 οὕτω
223 3252 278 3316 καί
297 3251 452 3332 Διίλομος.
491 3256 632 3321 Fontem
657 3279 751 3320 suurn
777 3255 855 3342 quin
879 3254 1057 3318 maximam
1086 3249 1220 3337 quidem

115 3372 245 3451 partem
267 3365 356 3429 utin
379 3363 466 3430 vocis
488 3363 669 3440 κάνναθσον
691 3364 858 3429 notatione
883 3360 1128 3450 Epaphroditus
1158 3382 1212 3424 no-

116 3473 301 3555 minaverit,
323 3495 389 3538 non
412 3483 461 3537 est
480 3497 538 3537 cur
561 3472 788 3552 dubitaverim,
819 3472 877 3538 sed
900 3493 1000 3557 saepe
1025 3471 1124 3551 Orno,
1148 3472 1219 3533 sae'-

114 3583 191 3668 pius
214 3583 353 3645 fortasse
375 3583 582 3666 etymologus
605 3605 706 3647 unum
730 3592 899 3646 auctorem
922 3579 1117 3669 apposuisse
1142 3568 1219 3642 satis

116 3688 285 3755 duxerunt
305 3713 342 3754 ac
363 3690 538 3774 plurimum
562 3689 693 3775 quidem
706 3689 844 3776 Didymi
860 3698 895 3754 ut
919 3670 1049 3753 maioris
1072 3684 1215 3750 'auctoris

115 3820 238 3866 nomen
259 3799 365 3865 solum
389 3799 588 3889 adiecerunt

202 3906 254 3972 Ex
285 3894 391 3973 hoc
380 3908 484 3992 igitur
513 3908 598 3975 libro
628 3910 852 3974 fluxeruntt
816 3918 852 3974 ut
869 3887 957 3993 puto
979 3906 1040 3970 hae
1065 3904 1215 3991 glossae.

113 4003 317 4099 Αρέθσυσα,
331 4012 532 4099 ἆρ’ῥαβιόν,”
513 4039 624 4104 αοσην,
638 4015 844 4098 ἀσελγαίνειν,
859 4010 1219 4096 α’σκαλαβολτης,α’σκοι-

120 4122 251 4205 λιάζειν,
279 4122 479 4204 ἅσσάλαθος,
511 4125 658 4206 βάκηλος,
692 4126 873 4204 βαλανεῖον,
903 4124 1051 4197 talasano,
1083 4123 1218 4197 ὸέἴπνος,
