2676 4546
584 215 625 279 45

54 418 149 498 θῆναι
183 416 355 500 γινόμενον.
389 422 524 496 τραπεῖν
554 414 614 497 γάρ
643 413 711 477 ἔστι
744 409 777 474 td
812 413 974 493 πατῆσαι),
1024 412 1149 494 Quibus

53 527 190 594 ducibus
215 551 313 616 supra
335 537 413 615 puto
437 525 616 611 legendum
642 546 711 588 esse
733 523 794 586 ita:
827 518 987 601 Ἀτραοός
1008 557 1050 567 -
1072 542 1148 581 στα-
1221 526 1230 545 ·

55 637 159 720 φυλῆς
184 633 325 717 οἷτροπός
347 635 402 697 καί
424 633 604 716 πρότροπος
627 624 709 705 οἶνος
732 632 864 713 λέγεται.
888 668 926 676 —
947 625 1150 710 ὑπομνήματι

53 769 113 833 pro
134 741 310 828 ὑπομνήσει
340 746 372 811 in
395 747 457 812 hoc
483 757 514 810 et
545 766 589 811 co
620 744 713 830 quod.
726 743 875 828 sequitur
892 742 1077 826 fragmento
1098 761 1148 803 re·
1205 742 1208 747 ’

51 852 156 920 stituit
176 853 263 917 Bast.
294 851 327 916 in
350 851 520 936 Palaeogr.
544 876 576 940 p.
596 851 668 934 281,
696 873 793 936 quem
822 859 912 916 recte
942 856 1072 913 secutus
1101 853 1150 910 est

53 961 176 1026 Bernh.
199 960 240 1025 ad
263 959 355 1030 Suid.
381 959 541 1046 Ιρ.226,
633 1023 636 1028 .

577 1161 628 1224 52.

152 1299 196 1372 Et
223 1300 309 1372 Gud.
337 1324 365 1372 s.
392 1324 424 1372 v.
476 1277 562 1371 Lex.
588 1301 720 1391 Augei.
750 1323 781 1394 p.
798 1297 897 1370 lVR.
920 1276 1101 1386 4Ἀλνοιίο,
1130 1299 1150 1376 ἡ

51 1424 156 1522 οὐρά,
184 1422 309 1518 κυρίως
333 1427 352 1506 ἡ
380 1423 450 1494 τοῦ
476 1427 636 1519 λέοντος,
663 1418 725 1493 διὰ
752 1423 797 1494 ad
821 1427 869 1504 εὶς
894 1418 1007 1504 allaizo
1035 1423 1152 1494 αὐτόν

52 1549 206 1644 τρέπειν.
258 1542 334 1644 ’ἔχει
362 1548 429 1647 γὰρ
456 1547 515 1618 ἐπὶ
542 1545 587 1647 τῇ
613 1546 707 1644 οὐρᾷ
732 1549 894 1643 κέντρον,
921 1545 988 1646 ἀφ’
1015 1541 1058 1618 οὗ
1084 1574 1162 1618 ποι-4

52 1669 265 1768 ροξύνεται,
307 1673 428 1754 καθώς
461 1674 576 1760 (καθά
611 1676 757 1764 Augei.)
802 1687 917 1772 φησιν
953 1674 1153 1770 Ἱερώνυμος

54 1796 113 1868 καὶ
138 1792 413 1896 Ἐπαφρόδιτος
450 1796 485 1870 ἐν
511 1802 750 1892 ὑπομνήματι
775 1790 950 1880 'Acutior
975 1793 1153 1868 Ἡσιόδου

54 1925 109 2013 (aa
140 1949 171 1996 v.
198 1926 297 2012 430).

56 2112 64 2116 -
157 2070 281 2136 Eadem
304 2071 439 2157 protulit
461 2094 502 2137 ex
515 2072 575 2137 Ma.
588 2072 674 2138 Bibl.
687 2073 788 2138 Paris.
801 2072 976 2138 Ruhnken.
998 2072 1032 2136 in
1046 2069 1149 2157 Epist.

55 2181 126 2244 crit.
147 2204 177 2267 p.
192 2181 263 2245 104.
275 2188 308 2243 ct
320 2179 463 2247 Bekkor.
476 2201 518 2244 ex
531 2181 604 2244 cod.
616 2181 719 2246 Paris.
730 2180 813 2244 2630
825 2179 866 2243 ad
880 2190 980 2265 etym.
992 2203 1032 2244 m.
1052 2201 1082 2265 p.
1092 2178 1154 2241 724

59 2313 109 2377 ap.
133 2289 240 2358 Stura.
292 2289 432 2356 Nonnisi
462 2290 606 2377 priorem
639 2289 736 2354 huius
769 2288 994 2376 explicationis
1027 2296 1152 2373 partem

55 2419 159 2483 usque
183 2398 224 2462 ad
245 2378 493 2477 verbaapa'aov
517 2400 569 2463 vcl
591 2409 627 2463 ut
648 2400 717 2486 ipse
741 2399 840 2464 habet
854 2397 1043 2477 προτρέπειν
1062 2419 1153 2486 prae·

57 2509 111 2572 bet
133 2508 288 2573 Zonaras.
342 2508 447 2590 Quam
477 2520 602 2597 partem
632 2531 703 2574 esse
724 2508 884 2573 Methodii
909 2508 1007 2572 docet
1029 2506 1081 2571 lit.
1100 2528 1153 2586 m,

57 2615 114 2680 ubi
133 2618 213 2681 haec
237 2617 397 2701 legimus:
420 2614 556 2679 Ἀλκομό
578 2655 610 2664 -
627 2615 825 2697 προτρέπειν.
841 2613 1009 2695 Ὅμηρος·
1031 2615 1097 2695 (cit.
1111 2615 1150 2679 Il.

61 2723 156 2789 r170
176 2732 246 2810 aql.
275 2721 355 2788 οὕτω
381 2725 556 2799 Μεθόδιος.
606 2727 828 2794 Confirmatur
848 2726 912 2790 hoc
934 2747 971 2788 ea
996 2745 1043 2808 re,
1061 2723 1155 2808 ‚quod

60 2855 255 2920 quocunque
278 2834 351 2899 loco
376 2834 521 2918 (praeter
541 2835 649 2899 lexico
673 2835 787 2919 etym.)
823 2831 998 2921 explicatio
1022 2831 1080 2896 illa
1102 2853 1153 2896 oc·

60 2940 165 3005 currit
187 2977 227 2990 —-
245 2965 283 3007 ac
304 2964 400 3030 saepe
425 2942 556 3027 quidem
581 2943 723 3008 occurrit
750 2942 889 3026 (Synag.
902 2939 1155 3028 λέξχρησμομ.
1219 2992 1223 3000 .

59 3047 165 3114 Bekk.
180 3050 305 3115 Anccd.
320 3049 409 3118 Gal
432 3075 461 3139 p.
475 3051 547 3134 384,
561 3052 611 3115 24.
631 3051 713 3115 ch.
728 3051 836 3117 Aaou.
854 3075 904 3136 ap.
917 3050 1031 3134 Stura,
1038 3073 1067 3136 p.
1082 3049 1154 3114 618.

59 3157 169 3224 Sahal.
187 3159 299 3246 Apoll.
317 3160 423 3225 Rhod.
439 3160 500 3226 IV.
516 3160 606 3226 1614.
631 3159 743 3226 Schol.
757 3159 896 3230 Nicand.
909 3159 1007 3227 Ther.
1023 3158 1095 3238 123)
1115 3195 1155 3204 -

59 3264 168 3330 verbis
192 3266 241 3329 his
264 3265 421 3352 appositis
442 3261 507 3342 ἔχει
521 3260 581 3344 γὰρ
600 3289 627 3325 κ.
640 3289 666 3326 τ.
680 3270 707 3330 t.
730 3276 831 3348 caret,
853 3277 885 3329 ct
908 3288 971 3350 quo
989 3288 1058 3329 -uno
1081 3265 1155 3330 loco

60 3371 176 3454 (schol.
202 3371 298 3435 Hom.
320 3374 360 3438 Il.
383 3371 492 3458 Tito)
516 3374 596 3436 hacc
619 3382 741 3453 extant,
763 3373 818 3437 illa
841 3374 932 3459 prior
955 3397 1029 3461 pars
1053 3375 1155 3439 deest.

60 3481 257 3547 Accuratius
279 3490 386 3544 autem
417 3484 643 3567 cognoscimus
673 3482 870 3548 notationem
894 3483 995 3548 nostri
1020 3483 1154 3549 eschol.

60 3588 230 3656 Hom.l.c.
279 3584 370 3672 Οὖρῇ
388 3587 442 3650 δὲ·
477 3588 540 3667 ἔχει
566 3588 626 3671 γὰρ
650 3586 711 3650 ὑπὸ
732 3590 773 3672 τῇ
797 3587 876 3675 οὐρᾷ
897 3587 1024 3671 κέντρον
1044 3588 1155 3667 μέλον,

59 3697 101 3776 ὥς
123 3698 280 3784 κεράτιον,
314 3698 355 3758 dt‘
379 3688 415 3759 od
447 3690 561 3760 ἑαυτὸν
581 3697 728 3778 μαστι’ζει
752 3698 806 3760 κατ’
828 3693 888 3780 ὑφ’.
910 3687 948 3757 οὗ
970 3695 1157 3776 νοττόμενος

60 3809 152 3872 πλέον
175 3806 348 3889 clypeatam.
384 3809 423 3867 R.
457 3843 508 3858 -->
536 3807 766 3894 Hieronymus,
796 3808 837 3873 de
872 3832 934 3894 quo
966 3807 1034 3872 dixi
1067 3827 1099 3893 p.
1117 3806 1156 3872 16

60 3929 125 3984 not.
141 3921 169 4002 1,
192 3943 210 3983 a
236 3928 346 3983 nostro
368 3918 407 3981 ad
431 3927 539 4005 partes
561 3929 693 3984 vocatus
716 3927 795 4000 erat,
823 3917 910 3983 unde
941 3917 1155 4002 etymologici
1237 3937 1238 3941 ’

58 4035 169 4091 auctor
192 4048 266 4090 eum
289 4048 364 4090 enm
388 4024 609 4111 Epaphrodito
640 4025 821 4112 coniungit,
856 4036 1036 4110 quaeerat
1071 4026 1155 4090 ratio

61 4133 179 4201 citandi
203 4136 329 4200 usitata.
832 4126 834 4129 .
1236 4120 1239 4125 .
