2676 4546
714 217 747 279 16

188 417 285 502 nigro
307 417 409 482 instar
430 417 623 505 elephanti(
654 415 759 481 Extat
781 414 946 502 hodieque
969 416 1038 481 eius
1059 416 1181 501 imago.
1216 415 1282 482 Sta·
1326 442 1332 481 r

154 572 157 578 -
184 534 244 591 tua
276 525 364 591 enim
394 549 494 612 parva
523 546 713 591 marmorea·
737 522 936 609 conspicitur
970 526 1005 589 iu
1041 524 1284 591 villaRomsna
1328 551 1332 559 ¹

188 634 347 724 principis
372 633 504 716 Altieri,
535 655 617 717 quae
645 634 814 698 barbatum
848 632 955 698 virum
975 630 1156 698 sedentem·
1172 656 1210 698 ae
1231 657 1282 698 vc·

189 744 298 808 lumen
321 741 470 807 manibus
492 750 658 810 tenentem
679 751 849 825 monstrat,
870 741 904 807 iu
928 742 1020 807 euius
1044 743 1114 806 basi
1140 743 1222 806 haec
1235 743 1282 806 in·

189 853 324 941 scriptio
341 851 481 938 iegitur:
613 914 616 920 .
648 902 651 909 ι
801 900 803 907 -

616 955 854 1025 MMETTIVS
900 1006 902 1011 >

556 1063 914 1135 EPAPHRODITVS
960 1108 962 1113 ·
1059 1097 1061 1100 ·

457 1168 1021 1242 GRAMMATIOVSGRAMCVS
1055 1234 1059 1241 .

425 1278 1072 1351 MMETTIVSGERMANVSLFEO.-
1101 1289 1104 1296 '

188 1389 329 1461 Fulvius
351 1389 502 1457 Ursinus
534 1391 658 1479 primus
692 1390 782 1456 illam
816 1391 966 1457 exhibuit
998 1392 1085 1456 inter
1119 1393 1287 1478 Imagines

106 1558 110 1564 .
185 1499 332 1585 ‚maren
349 1522 381 1569 n.
393 1500 461 1584 91),
481 1499 570 1565 unde
587 1521 658 1565 eam
680 1497 834 1584 repetivit
856 1497 1102 1568 Gronoviusiu
1128 1501 1213 1567 thes.-
1235 1508 1287 1566 en-

191 1608 271 1693 tiqu.
297 1607 362 1675 Gr,
381 1619 405 1672 t.
423 1608 476 1673 HI
494 1610 592 1687 boob.
626 1610 710 1676 Tum
730 1607 918 1673 Viseontius
941 1609 1112 1696 (Iconogr.
1141 1610 1286 1694 Greque,

192 1718 256 1790 tub.
268 1716 397 1800 XXXI,
419 1719 481 1783 u.l
504 1727 536 1782 et
558 1717 603 1800 2).
642 1717 746 1800 *Quod
770 1714 908 1783 Ursinus
930 1739 990 1803 pro
1013 1726 1103 1783 certo
1123 1719 1287 1784 affirmare

193 1825 361 1908 dubitauit,
382 1825 416 1888 id
428 1824 631 1891 ‹Visuentius
650 1824 689 1908 (I.
706 1847 735 1910 p.
752 1823 815 1899 264
840 1824 890 1888 ed.
912 1826 948 1902 4)
967 1825 1054 1889 houd
1080 1826 1216 1892 dubium
1240 1849 1286 1891 re-

191 1933 299 2020 liquit:
322 1955 407 2016 eum,
429 1920 483 2018 qui
504 1943 609 1999 stutua
633 1933 688 1999 illa
712 1952 888 2018 expressus
909 1933 952 1997 sit
972 1944 1007 1998 et
1024 1933 1287 2022 Epaphroditum

191 2052 341 2112 nostrum
353 2042 622 2114 Chaeronensem
632 2065 734 2107 unum
752 2051 848 2125 atque
871 2042 1011 2107 eundem
1033 2064 1113 2107 esse.
1137 2043 1286 2108 Modesto

186 2151 292 2235 euim,
320 2152 486 2240 praefecto
506 2151 670 2239 Aegypti,
701 2173 806 2237 aquo
838 2152 1201 2220 noster-manumissus
1218 2163 1285 2234 est,

184 2261 327 2350 plenum
346 2261 625 2347 atque'iutegrum
640 2262 1089 2331 nomenMareumrMettium
1103 2264 1292 2330 Modestum

191 2369 292 2435 fuisse
314 2369 493 2435 verisimile
517 2379 576 2453 est,
611 2370 699 2455 quod
723 2380 754 2435 et
776 2373 906 2439 Marcus
921 2382 1136 2459 praenomen
1150 2372 1291 2439 inMet-

188 2478 311 2545 tiorum
330 2477 458 2549 familia
478 2479 631 2545 mitatem
652 2488 724 2542 erat
748 2479 1000 2548 neeModestus
1032 2501 1219 2565 cognomen
1252 2486 1291 2547 ab

194 2585 488 2671 eudem2alieuum,
505 2597 543 2652 ut
564 2588 698 2674 plenum
721 2588 784 2652 hoe
806 2600 927 2657 nomen
950 2589 1154 2655 M..Mettius
1178 2593 1289 2657 Mode-

193 2706 262 2762 stus
285 2718 328 2765 ex
350 2696 439 2762 iliius
461 2696 532 2763 fere
551 2697 719 2782 temporis
754 2684 965 2786 inscriptione
999 2697 1137 2786 quadam
1169 2701 1290 2786 prodit.

194 2807 263 2875 Ium
288 2806 440 2892 quonism
461 2807 582 2873 Romae
605 2807 741 2871 libertus
763 2805 890 2873 retento
919 2809 1052 2873 nomine
1069 2809 1181 2872 servili
1201 2830 1292 2897 prae-

194 2936 315 2983 nomen
336 2926 368 2981 61
389 2938 509 2987 nomen
533 2915 657 2980 domiui
681 2917 938 2984 manumittentis
960 2918 1153 3003 accipiebat,
1180 2941 1291 3003 gram-

154 3056 157 3060 ·
190 3025 516 3109 matieumuostrum
536 3025 668 3091 nomina
683 3026 725 3091 M.
740 3027 890 3093 Mettium
901 3027 1163 3113 Epaphroditum
1183 3050 1292 3114 sump—

190 3135 276 3201 sisse
293 3136 506 3212 statuendum
528 3147 586 3201 est.
631 3138 720 3203 ‘Puis
741 3136 837 3203 donet
855 3170 898 3186 -
918 3137 1086 3202 concludit
1102 3136 1293 3203 Viseoutius

194 3244 511 3331 argumentationem
541 3269 633 3310 susm
666 3279 706 3294 ·-·
731 3245 830 3330 ‘qu’il
850 3266 874 3329 y
895 3244 981 3309 avait
1002 3249 1021 3308 h
1043 3256 1129 3311 cette
1163 3236 1315 3333 epoquo⁴

196 3377 241 3419 un
262 3352 399 3419 Romaiu
419 3353 553 3440 appelle
564 3354 607 3419 M.
620 3354 753 3419 Mettius
767 3353 944 3434 Modestus,
966 3353 1105 3439 puisque
1118 3354 1292 3442 Epaphro-

195 3460 262 3525 dite
286 3460 482 3526 Oheroneen
504 3461 583 3526 esais
600 3461 835 3544 grammairien
858 3483 938 3546 gree
956 3473 993 3526 et
1016 3463 1179 3527 effranchi
1217 3466 1294 3529 d'un

197 3568 375 3648 Modestus,
395 3569 569 3658 puisqu'un
591 3568 821 3654 grammairien
841 3593 923 3655 grec
940 3571 1022 3635 dans
1041 3595 1085 3635 un
1106 3585 1297 3640 monument

196 3677 406 3761 authentique
427 3687 521 3765 porte
542 3679 590 3745 les
613 3679 875 3745 troistnome-de
900 3681 1029 3745 Marcus
1055 3681 1186 3746 Mettius
1209 3682 1293 3770 Epa·

196 3786 329 3873 phrodit
330 3809 377 3868 us,
401 3786 551 3852 combien
574 3788 668 3852 n’·est
670 3787 695 3850 il
714 3810 773 3874 pas
797 3788 964 3877 probable,
994 3809 1058 3872 que
1088 3790 1121 3854 le
1152 3812 1294 3876 gouver·

196 3918 281 3960 neur
303 3895 343 3958 de
367 3895 525 4019 l’ngpte
551 3897 738 3986 s’appellait
725 3899 803 3964 t.M
828 3897 920 3988 Mett
898 3908 961 3962 tius
983 3897 1152 3963 Modestus
1174 3909 1207 3964 et
1230 3922 1293 3984 que

194 3988 237 4068 16
243 4002 480 4103 grammairieu
502 4004 581 4069 dont
599 4005 693 4105 parde
717 4004 834 4073 Suidas
860 3983 937 4070 etait
959 4007 990 4071 16
1014 4007 1143 4077 Marcus
1156 4007 1291 4077 Mettius

196 4094 402 4199 Epaphrodit
403 4137 440 4177 us
464 4113 504 4176 de
526 4099 557 4177 16
579 4114 716 4180 satus?
745 4094 896 4199 Accedit,
911 4115 1006 4204 quod
1028 4116 1163 4182 alterius
1186 4141 1291 4203 gram.-
