<?xml version="1.0" encoding="UTF-8"?>
<!DOCTYPE html PUBLIC "-//W3C//DTD XHTML 1.0 Transitional//EN"
    "http://www.w3.org/TR/xhtml1/DTD/xhtml1-transitional.dtd">
<html xmlns="http://www.w3.org/1999/xhtml" xml:lang="en" lang="en">
 <head>
  <title>
</title>
<meta http-equiv="Content-Type" content="text/html;charset=utf-8" />
  <meta name='ocr-system' content='tesseract 3.04.00' />
  <meta name='ocr-capabilities' content='ocr_page ocr_carea ocr_par ocr_line ocrx_word'/>
</head>
<body>
  <div class='ocr_page' id='page_1' title='image "./epaphroditigram00epapgoog_0063.png"; bbox 0 0 2684 4552; ppageno 0'>
   <div class='ocr_carea' id='block_1_1' title="bbox 715 212 866 278">
    <p class='ocr_par' dir='ltr' id='par_1_1' title="bbox 715 212 866 278">
     <span class='ocr_line' id='line_1_1' title="bbox 715 212 866 278; baseline 0 -19"><span class='ocrx_word' id='word_1_1' title='bbox 715 212 757 278; x_wconf 77' lang='grc'>46</span> <span class='ocrx_word' id='word_1_2' title='bbox 863 253 866 259; x_wconf 92' lang='grc'><strong>.</strong></span> 
     </span>
    </p>
   </div>
   <div class='ocr_carea' id='block_1_2' title="bbox 423 427 1133 525">
    <p class='ocr_par' dir='ltr' id='par_1_2' title="bbox 423 427 1133 525">
     <span class='ocr_line' id='line_1_2' title="bbox 423 427 1133 525; baseline -0.003 -21"><span class='ocrx_word' id='word_1_3' title='bbox 423 436 658 525; x_wconf 82' lang='lat' dir='ltr'>Hypomnema</span> <span class='ocrx_word' id='word_1_4' title='bbox 677 437 711 502; x_wconf 91' lang='lat' dir='ltr'>in</span> <span class='ocrx_word' id='word_1_5' title='bbox 736 427 929 504; x_wconf 68' lang='lat' dir='ltr'><strong>Callimachi</strong></span> <span class='ocrx_word' id='word_1_6' title='bbox 948 433 1058 505; x_wconf 80' lang='grc' dir='ltr'>Αἴτια.</span> <span class='ocrx_word' id='word_1_7' title='bbox 1131 456 1133 463; x_wconf 75' lang='grc'><em>’</em></span> 
     </span>
    </p>
   </div>
   <div class='ocr_carea' id='block_1_3' title="bbox 708 598 760 664">
    <p class='ocr_par' dir='ltr' id='par_1_3' title="bbox 708 598 760 664">
     <span class='ocr_line' id='line_1_3' title="bbox 708 598 760 664; baseline -0.019 0"><span class='ocrx_word' id='word_1_8' title='bbox 708 598 760 664; x_wconf 80' lang='grc'>53.</span> 
     </span>
    </p>
   </div>
   <div class='ocr_carea' id='block_1_4' title="bbox 191 723 1290 961">
    <p class='ocr_par' dir='ltr' id='par_1_4' title="bbox 191 723 1290 961">
     <span class='ocr_line' id='line_1_4' title="bbox 288 723 1290 835; baseline -0.003 -25"><span class='ocrx_word' id='word_1_9' title='bbox 288 738 344 812; x_wconf 77' lang='lat' dir='ltr'>Et.</span> <span class='ocrx_word' id='word_1_10' title='bbox 369 761 413 810; x_wconf 86' lang='lat' dir='ltr'>m.</span> <span class='ocrx_word' id='word_1_11' title='bbox 440 761 473 834; x_wconf 90' lang='lat' dir='ltr'>p.</span> <span class='ocrx_word' id='word_1_12' title='bbox 491 738 576 815; x_wconf 82' lang='lat'><strong>137,</strong></span> <span class='ocrx_word' id='word_1_13' title='bbox 594 739 662 810; x_wconf 85' lang='lat'>49:</span> <span class='ocrx_word' id='word_1_14' title='bbox 694 729 890 835; x_wconf 77' lang='grc' dir='ltr'><strong><em>”Αρδις,ἡ</em></strong></span> <span class='ocrx_word' id='word_1_15' title='bbox 929 733 997 815; x_wconf 69' lang='lat' dir='ltr'>&amp;xi</span> <span class='ocrx_word' id='word_1_16' title='bbox 1024 723 1107 805; x_wconf 66' lang='lat' dir='ltr'>uvoti</span> <span class='ocrx_word' id='word_1_17' title='bbox 1149 734 1290 833; x_wconf 78' lang='grc' dir='ltr'><strong><em>βέλους.</em></strong></span> 
     </span>
     <span class='ocr_line' id='line_1_5' title="bbox 191 857 1290 961; baseline 0.001 -30"><span class='ocrx_word' id='word_1_18' title='bbox 191 861 454 960; x_wconf 85' lang='grc' dir='ltr'><strong><em>Καλλίμαχος·</em></strong></span> <span class='ocrx_word' id='word_1_19' title='bbox 491 861 564 960; x_wconf 84' lang='lat' dir='ltr'>(eil.</span> <span class='ocrx_word' id='word_1_20' title='bbox 588 863 657 955; x_wconf 81' lang='lat' dir='ltr'>irg.</span> <span class='ocrx_word' id='word_1_21' title='bbox 683 860 824 950; x_wconf 79' lang='lat' dir='ltr'>CXXX)</span> <span class='ocrx_word' id='word_1_22' title='bbox 849 859 992 961; x_wconf 68' lang='grc' dir='ltr'><strong><em>εἴρηται</em></strong></span> <span class='ocrx_word' id='word_1_23' title='bbox 1019 861 1120 959; x_wconf 84' lang='grc' dir='ltr'><strong><em>παρὰ</em></strong></span> <span class='ocrx_word' id='word_1_24' title='bbox 1142 863 1188 932; x_wconf 89' lang='grc' dir='ltr'>τό</span> <span class='ocrx_word' id='word_1_25' title='bbox 1217 857 1290 960; x_wconf 80' lang='grc' dir='ltr'>ἄρα</span> 
     </span>
    </p>
   </div>
   <div class='ocr_carea' id='block_1_5' title="bbox 188 975 1289 1088">
    <p class='ocr_par' dir='ltr' id='par_1_5' title="bbox 188 975 1289 1088">
     <span class='ocr_line' id='line_1_6' title="bbox 188 975 1289 1088; baseline 0 -30"><span class='ocrx_word' id='word_1_26' title='bbox 188 987 251 1058; x_wconf 77' lang='grc' dir='ltr'>τὸΙ</span> <span class='ocrx_word' id='word_1_27' title='bbox 269 985 432 1088; x_wconf 73' lang='grc' dir='ltr'><strong><em>ἁρμόζω·</em></strong></span> <span class='ocrx_word' id='word_1_28' title='bbox 473 982 605 1083; x_wconf 74' lang='grc' dir='ltr'><strong><em>ιῖρμαι,</em></strong></span> <span class='ocrx_word' id='word_1_29' title='bbox 638 981 769 1083; x_wconf 74' lang='grc' dir='ltr'><strong><em>ἦρται,</em></strong></span> <span class='ocrx_word' id='word_1_30' title='bbox 797 980 911 1086; x_wconf 81' lang='grc' dir='ltr'><strong><em>όρτις.</em></strong></span> <span class='ocrx_word' id='word_1_31' title='bbox 973 975 1065 1059; x_wconf 58' lang='grc' dir='ltr'>ἔνθα</span> <span class='ocrx_word' id='word_1_32' title='bbox 1093 989 1289 1088; x_wconf 87' lang='grc' dir='ltr'><strong><em>πυλάρτης.</em></strong></span> 
     </span>
    </p>
   </div>
   <div class='ocr_carea' id='block_1_6' title="bbox 161 1105 1292 1789">
    <p class='ocr_par' dir='ltr' id='par_1_6' title="bbox 187 1105 1292 1210">
     <span class='ocr_line' id='line_1_7' title="bbox 187 1105 1292 1210; baseline -0.002 -28"><span class='ocrx_word' id='word_1_33' title='bbox 187 1111 250 1182; x_wconf 84' lang='grc' dir='ltr'>καὶ</span> <span class='ocrx_word' id='word_1_34' title='bbox 284 1105 404 1209; x_wconf 77' lang='grc' dir='ltr'><strong><em>όαπερ</em></strong></span> <span class='ocrx_word' id='word_1_35' title='bbox 445 1110 547 1205; x_wconf 85' lang='grc' dir='ltr'><strong><em>παρὰ</em></strong></span> <span class='ocrx_word' id='word_1_36' title='bbox 587 1110 633 1179; x_wconf 87' lang='grc' dir='ltr'>τὸ</span> <span class='ocrx_word' id='word_1_37' title='bbox 672 1114 858 1210; x_wconf 77' lang='grc' dir='ltr'><em>προφήτης</em></span> <span class='ocrx_word' id='word_1_38' title='bbox 898 1109 1038 1206; x_wconf 72' lang='grc' dir='ltr'><strong><em>γίνεται</em></strong></span> <span class='ocrx_word' id='word_1_39' title='bbox 1076 1111 1292 1206; x_wconf 72' lang='grc' dir='ltr'><strong><em>παράγωηον</em></strong></span> 
     </span>
    </p>

    <p class='ocr_par' dir='ltr' id='par_1_7' title="bbox 161 1223 1291 1460">
     <span class='ocr_line' id='line_1_8' title="bbox 187 1223 1291 1335; baseline -0.003 -28"><span class='ocrx_word' id='word_1_40' title='bbox 187 1242 383 1333; x_wconf 80' lang='grc' dir='ltr'><strong><em>προφῆτις,</em></strong></span> <span class='ocrx_word' id='word_1_41' title='bbox 409 1231 504 1306; x_wconf 86' lang='grc' dir='ltr'><strong><em>οὕτω</em></strong></span> <span class='ocrx_word' id='word_1_42' title='bbox 521 1235 593 1307; x_wconf 79' lang='grc' dir='ltr'>Ικαὶ</span> <span class='ocrx_word' id='word_1_43' title='bbox 621 1231 741 1333; x_wconf 81' lang='grc' dir='ltr'><strong><em>όρτης,</em></strong></span> <span class='ocrx_word' id='word_1_44' title='bbox 775 1228 878 1332; x_wconf 83' lang='grc' dir='ltr'><strong><em>όρτις</em></strong></span> <span class='ocrx_word' id='word_1_45' title='bbox 903 1235 965 1306; x_wconf 85' lang='grc' dir='ltr'>καὶ</span> <span class='ocrx_word' id='word_1_46' title='bbox 992 1223 1106 1335; x_wconf 74' lang='grc' dir='ltr'><strong><em>ἄρδις.</em></strong></span> <span class='ocrx_word' id='word_1_47' title='bbox 1165 1233 1291 1316; x_wconf 81' lang='grc' dir='ltr'><strong><em>Οὕτως</em></strong></span> 
     </span>
     <span class='ocr_line' id='line_1_9' title="bbox 161 1354 572 1460; baseline -0.002 -29"><span class='ocrx_word' id='word_1_48' title='bbox 161 1354 472 1460; x_wconf 66' lang='grc' dir='ltr'><strong><em>Ἐπαφρόδιτος.</em></strong></span> <span class='ocrx_word' id='word_1_49' title='bbox 569 1447 572 1450; x_wconf 30' lang='grc'><strong><em>,</em></strong></span> 
     </span>
    </p>

    <p class='ocr_par' dir='ltr' id='par_1_8' title="bbox 286 1477 1289 1570">
     <span class='ocr_line' id='line_1_10' title="bbox 286 1477 1289 1570; baseline -0.002 -22"><span class='ocrx_word' id='word_1_50' title='bbox 286 1481 412 1548; x_wconf 83' lang='lat' dir='ltr'>Eadem</span> <span class='ocrx_word' id='word_1_51' title='bbox 435 1483 505 1547; x_wconf 84' lang='lat' dir='ltr'>fere</span> <span class='ocrx_word' id='word_1_52' title='bbox 527 1493 622 1548; x_wconf 81' lang='lat' dir='ltr'><strong>aucta</strong></span> <span class='ocrx_word' id='word_1_53' title='bbox 647 1477 841 1570; x_wconf 82' lang='lat' dir='ltr'>quibusdam</span> <span class='ocrx_word' id='word_1_54' title='bbox 864 1483 1000 1569; x_wconf 80' lang='lat' dir='ltr'>praebet</span> <span class='ocrx_word' id='word_1_55' title='bbox 1025 1482 1075 1546; x_wconf 76' lang='lat' dir='ltr'>Et.</span> <span class='ocrx_word' id='word_1_56' title='bbox 1092 1482 1223 1569; x_wconf 76' lang='lat' dir='ltr'><strong>Gudp.</strong></span> <span class='ocrx_word' id='word_1_57' title='bbox 1237 1482 1289 1565; x_wconf 77' lang='lat'>73,</span> 
     </span>
    </p>

    <p class='ocr_par' dir='ltr' id='par_1_9' title="bbox 190 1590 1289 1679">
     <span class='ocr_line' id='line_1_11' title="bbox 190 1590 1289 1679; baseline -0.004 -21"><span class='ocrx_word' id='word_1_58' title='bbox 190 1593 219 1658; x_wconf 89' lang='lat'>9.</span> <span class='ocrx_word' id='word_1_59' title='bbox 241 1593 324 1658; x_wconf 86' lang='lat' dir='ltr'>Lex.</span> <span class='ocrx_word' id='word_1_60' title='bbox 338 1592 459 1676; x_wconf 85' lang='lat' dir='ltr'>Angel.</span> <span class='ocrx_word' id='word_1_61' title='bbox 483 1592 579 1679; x_wconf 82' lang='lat' dir='ltr'>p.·V1</span> <span class='ocrx_word' id='word_1_62' title='bbox 592 1592 642 1676; x_wconf 69' lang='lat' dir='ltr'>R„</span> <span class='ocrx_word' id='word_1_63' title='bbox 664 1592 811 1657; x_wconf 86' lang='lat' dir='ltr'>breviter</span> <span class='ocrx_word' id='word_1_64' title='bbox 833 1602 998 1657; x_wconf 82' lang='lat' dir='ltr'>eontracta</span> <span class='ocrx_word' id='word_1_65' title='bbox 1021 1593 1139 1658; x_wconf 84' lang='lat' dir='ltr'>Zonsr.</span> <span class='ocrx_word' id='word_1_66' title='bbox 1168 1614 1201 1677; x_wconf 92' lang='lat' dir='ltr'>p.</span> <span class='ocrx_word' id='word_1_67' title='bbox 1215 1590 1289 1655; x_wconf 77' lang='lat'><strong>297.</strong></span> 
     </span>
    </p>

    <p class='ocr_par' dir='ltr' id='par_1_10' title="bbox 189 1696 1289 1789">
     <span class='ocr_line' id='line_1_12' title="bbox 189 1696 1289 1789; baseline -0.005 -24"><span class='ocrx_word' id='word_1_68' title='bbox 189 1699 435 1765; x_wconf 82' lang='lat' dir='ltr'>-Oellimaohi</span> <span class='ocrx_word' id='word_1_69' title='bbox 460 1723 574 1766; x_wconf 83' lang='lat' dir='ltr'>versus</span> <span class='ocrx_word' id='word_1_70' title='bbox 598 1701 761 1789; x_wconf 83' lang='lat' dir='ltr'>probabili</span> <span class='ocrx_word' id='word_1_71' title='bbox 785 1703 974 1766; x_wconf 82' lang='lat' dir='ltr'>coniectura·</span> <span class='ocrx_word' id='word_1_72' title='bbox 995 1700 1035 1765; x_wconf 83' lang='lat' dir='ltr'>ad</span> <span class='ocrx_word' id='word_1_73' title='bbox 1059 1701 1201 1787; x_wconf 88' lang='lat' dir='ltr'>primum</span> <span class='ocrx_word' id='word_1_74' title='bbox 1225 1696 1289 1763; x_wconf 72' lang='lat' dir='ltr'>Al-</span> 
     </span>
    </p>
   </div>
   <div class='ocr_carea' id='block_1_7' title="bbox 188 1803 1290 2005">
    <p class='ocr_par' dir='ltr' id='par_1_11' title="bbox 188 1803 1290 2005">
     <span class='ocr_line' id='line_1_13' title="bbox 188 1803 1290 1895; baseline -0.005 -25"><span class='ocrx_word' id='word_1_75' title='bbox 188 1805 264 1870; x_wconf 81' lang='grc' dir='ltr'><strong><em>τι-ἰον</em></strong></span> <span class='ocrx_word' id='word_1_76' title='bbox 286 1807 405 1872; x_wconf 89' lang='lat' dir='ltr'>librum</span> <span class='ocrx_word' id='word_1_77' title='bbox 424 1808 539 1872; x_wconf 82' lang='lat' dir='ltr'>retulit</span> <span class='ocrx_word' id='word_1_78' title='bbox 555 1807 748 1874; x_wconf 76' lang='lat' dir='ltr'>Schneider.</span> <span class='ocrx_word' id='word_1_79' title='bbox 772 1810 806 1873; x_wconf 86' lang='lat' dir='ltr'>in</span> <span class='ocrx_word' id='word_1_80' title='bbox 819 1809 950 1895; x_wconf 84' lang='lat' dir='ltr'>Proleg.</span> <span class='ocrx_word' id='word_1_81' title='bbox 978 1810 1018 1874; x_wconf 86' lang='lat' dir='ltr'>ad</span> <span class='ocrx_word' id='word_1_82' title='bbox 1031 1808 1162 1876; x_wconf 78' lang='lat' dir='ltr'>Oellim.</span> <span class='ocrx_word' id='word_1_83' title='bbox 1188 1803 1290 1870; x_wconf 83' lang='grc' dir='ltr'><strong><em>Αἴτια</em></strong></span> 
     </span>
     <span class='ocr_line' id='line_1_14' title="bbox 189 1917 295 2005; baseline 0.009 -26"><span class='ocrx_word' id='word_1_84' title='bbox 189 1941 221 2005; x_wconf 86' lang='grc' dir='ltr'>ρ.</span> <span class='ocrx_word' id='word_1_85' title='bbox 246 1917 295 1980; x_wconf 86' lang='grc'>14.</span> 
     </span>
    </p>
   </div>
   <div class='ocr_carea' id='block_1_8' title="bbox 715 2075 766 2139">
    <p class='ocr_par' dir='ltr' id='par_1_12' title="bbox 715 2075 766 2139">
     <span class='ocr_line' id='line_1_15' title="bbox 715 2075 766 2139; baseline 0 0"><span class='ocrx_word' id='word_1_86' title='bbox 715 2075 766 2139; x_wconf 69' lang='grc'>54.</span> 
     </span>
    </p>
   </div>
   <div class='ocr_carea' id='block_1_9' title="bbox 187 2205 1293 3140">
    <p class='ocr_par' dir='ltr' id='par_1_13' title="bbox 187 2205 1293 2811">
     <span class='ocr_line' id='line_1_16' title="bbox 291 2205 1293 2313; baseline -0.002 -25"><span class='ocrx_word' id='word_1_87' title='bbox 291 2213 412 2288; x_wconf 85' lang='lat' dir='ltr'>Schol.</span> <span class='ocrx_word' id='word_1_88' title='bbox 427 2212 596 2309; x_wconf 78' lang='lat' dir='ltr'>Aeschyl.</span> <span class='ocrx_word' id='word_1_89' title='bbox 611 2213 754 2313; x_wconf 67' lang='lat' dir='ltr'>Eumeis.</span> <span class='ocrx_word' id='word_1_90' title='bbox 765 2214 830 2286; x_wconf 77' lang='lat' dir='ltr'>V.2</span> <span class='ocrx_word' id='word_1_91' title='bbox 856 2205 1130 2311; x_wconf 82' lang='grc' dir='ltr'><strong><em>Ἐπαφρόδιτος</em></strong></span> <span class='ocrx_word' id='word_1_92' title='bbox 1147 2218 1185 2286; x_wconf 83' lang='grc' dir='ltr'>ἐν</span> <span class='ocrx_word' id='word_1_93' title='bbox 1198 2218 1293 2286; x_wconf 84' lang='grc' dir='ltr'><strong><em>ὑπο-</em></strong></span> 
     </span>
     <span class='ocr_line' id='line_1_17' title="bbox 189 2316 1293 2438; baseline -0.002 -27"><span class='ocrx_word' id='word_1_94' title='bbox 189 2342 359 2433; x_wconf 75' lang='grc' dir='ltr'><strong><em>μνήματι</em></strong></span> <span class='ocrx_word' id='word_1_95' title='bbox 385 2337 636 2436; x_wconf 78' lang='grc' dir='ltr'><strong><em>Καλλιμάχου</em></strong></span> <span class='ocrx_word' id='word_1_96' title='bbox 663 2316 797 2409; x_wconf 77' lang='grc' dir='ltr'><strong><em>Αὶτλων</em></strong></span> <span class='ocrx_word' id='word_1_97' title='bbox 828 2337 858 2436; x_wconf 79' lang='grc' dir='ltr'>β’</span> <span class='ocrx_word' id='word_1_98' title='bbox 893 2336 1005 2438; x_wconf 87' lang='grc' dir='ltr'><strong><em>φησὶ·</em></strong></span> <span class='ocrx_word' id='word_1_99' title='bbox 1045 2341 1293 2433; x_wconf 62' lang='grc' dir='ltr'><strong><em>,Μελανθοῦς</em></strong></span> 
     </span>
     <span class='ocr_line' id='line_1_18' title="bbox 189 2457 1293 2562; baseline -0.002 -27"><span class='ocrx_word' id='word_1_100' title='bbox 189 2471 250 2548; x_wconf 84' lang='grc' dir='ltr'>τῆς</span> <span class='ocrx_word' id='word_1_101' title='bbox 276 2459 525 2544; x_wconf 82' lang='grc' dir='ltr'><strong><em>Δευκαλίωνος</em></strong></span> <span class='ocrx_word' id='word_1_102' title='bbox 549 2461 612 2533; x_wconf 85' lang='grc' dir='ltr'>καὶ</span> <span class='ocrx_word' id='word_1_103' title='bbox 634 2469 806 2559; x_wconf 83' lang='grc' dir='ltr'><strong><em>Κηφισοῦ</em></strong></span> <span class='ocrx_word' id='word_1_104' title='bbox 833 2460 914 2562; x_wconf 78' lang='lat' dir='ltr'>(sie)</span> <span class='ocrx_word' id='word_1_105' title='bbox 941 2457 1011 2535; x_wconf 83' lang='grc' dir='ltr'><em>τοῦ</em></span> <span class='ocrx_word' id='word_1_106' title='bbox 1036 2472 1210 2557; x_wconf 86' lang='grc' dir='ltr'><strong><em>ποταμοῦ</em></strong></span> <span class='ocrx_word' id='word_1_107' title='bbox 1237 2463 1293 2559; x_wconf 74' lang='grc' dir='ltr'>μ’·</span> 
     </span>
     <span class='ocr_line' id='line_1_19' title="bbox 187 2579 1293 2680; baseline -0.002 -20"><span class='ocrx_word' id='word_1_108' title='bbox 187 2615 296 2660; x_wconf 84' lang='grc' dir='ltr'><strong><em>νεται.</em></strong></span> <span class='ocrx_word' id='word_1_109' title='bbox 318 2589 493 2659; x_wconf 84' lang='grc' dir='ltr'><strong><em>Μέλαινα</em></strong></span> <span class='ocrx_word' id='word_1_110' title='bbox 522 2579 699 2680; x_wconf 76' lang='grc' dir='ltr'><strong><em>τοῦνομα,</em></strong></span> <span class='ocrx_word' id='word_1_111' title='bbox 736 2585 923 2669; x_wconf 77' lang='grc' dir='ltr'><strong><em>Μελαίνης</em></strong></span> <span class='ocrx_word' id='word_1_112' title='bbox 949 2583 991 2660; x_wconf 82' lang='grc' dir='ltr'>δὲ</span> <span class='ocrx_word' id='word_1_113' title='bbox 1017 2587 1079 2658; x_wconf 85' lang='grc' dir='ltr'>καὶ</span> <span class='ocrx_word' id='word_1_114' title='bbox 1104 2582 1293 2659; x_wconf 72' lang='grc' dir='ltr'><strong><em>Ποσειδῶ·</em></strong></span> 
     </span>
     <span class='ocr_line' id='line_1_20' title="bbox 188 2705 844 2811; baseline -0.002 -27"><span class='ocrx_word' id='word_1_115' title='bbox 188 2739 248 2795; x_wconf 89' lang='grc' dir='ltr'>νος</span> <span class='ocrx_word' id='word_1_116' title='bbox 273 2711 436 2811; x_wconf 89' lang='grc' dir='ltr'><strong><em>Δελφός,</em></strong></span> <span class='ocrx_word' id='word_1_117' title='bbox 463 2709 532 2809; x_wconf 80' lang='grc' dir='ltr'>ἀφ’</span> <span class='ocrx_word' id='word_1_118' title='bbox 558 2705 601 2781; x_wconf 81' lang='grc' dir='ltr'>οὗ</span> <span class='ocrx_word' id='word_1_119' title='bbox 626 2713 661 2781; x_wconf 84' lang='grc' dir='ltr'>οἱ</span> <span class='ocrx_word' id='word_1_120' title='bbox 688 2711 844 2808; x_wconf 84' lang='grc' dir='ltr'><strong><em>Δελφοί.</em></strong></span> 
     </span>
    </p>

    <p class='ocr_par' dir='ltr' id='par_1_14' title="bbox 189 2831 1293 3140">
     <span class='ocr_line' id='line_1_21' title="bbox 288 2831 1288 2921; baseline 0.001 -24"><span class='ocrx_word' id='word_1_121' title='bbox 288 2831 445 2918; x_wconf 83' lang='lat' dir='ltr'>Hyginus</span> <span class='ocrx_word' id='word_1_122' title='bbox 477 2831 605 2918; x_wconf 82' lang='lat' dir='ltr'><strong>(Fabul.</strong></span> <span class='ocrx_word' id='word_1_123' title='bbox 630 2855 656 2896; x_wconf 86' lang='lat' dir='ltr'>o.</span> <span class='ocrx_word' id='word_1_124' title='bbox 679 2833 748 2902; x_wconf 85' lang='grc'><strong>161.</strong></span> <span class='ocrx_word' id='word_1_125' title='bbox 772 2856 803 2921; x_wconf 89' lang='lat' dir='ltr'>p.</span> <span class='ocrx_word' id='word_1_126' title='bbox 819 2831 877 2896; x_wconf 83' lang='lat'>123</span> <span class='ocrx_word' id='word_1_127' title='bbox 900 2832 952 2901; x_wconf 88' lang='lat' dir='ltr'>ed.</span> <span class='ocrx_word' id='word_1_128' title='bbox 976 2832 1085 2916; x_wconf 81' lang='lat' dir='ltr'><strong>Bunt.)</strong></span> <span class='ocrx_word' id='word_1_129' title='bbox 1117 2833 1288 2920; x_wconf 89' lang='lat' dir='ltr'>Delphum</span> 
     </span>
     <span class='ocr_line' id='line_1_22' title="bbox 189 2939 1293 3036; baseline -0.001 -29"><span class='ocrx_word' id='word_1_130' title='bbox 189 2942 271 3036; x_wconf 83' lang='lat' dir='ltr'>dicit</span> <span class='ocrx_word' id='word_1_131' title='bbox 294 2940 461 3030; x_wconf 87' lang='lat' dir='ltr'>Apollinis</span> <span class='ocrx_word' id='word_1_132' title='bbox 482 2941 594 3007; x_wconf 86' lang='lat' dir='ltr'>filium.</span> <span class='ocrx_word' id='word_1_133' title='bbox 639 2939 691 3006; x_wconf 79' lang='lat' dir='ltr'>Et.</span> <span class='ocrx_word' id='word_1_134' title='bbox 714 2964 756 3008; x_wconf 87' lang='lat' dir='ltr'>m.</span> <span class='ocrx_word' id='word_1_135' title='bbox 784 2963 816 3028; x_wconf 89' lang='lat' dir='ltr'>p.</span> <span class='ocrx_word' id='word_1_136' title='bbox 832 2941 905 3026; x_wconf 76' lang='lat'>255,</span> <span class='ocrx_word' id='word_1_137' title='bbox 928 2942 966 3006; x_wconf 88' lang='grc'>19</span> <span class='ocrx_word' id='word_1_138' title='bbox 986 2952 1019 3006; x_wconf 89' lang='lat' dir='ltr'>et</span> <span class='ocrx_word' id='word_1_139' title='bbox 1040 2942 1159 3008; x_wconf 85' lang='lat' dir='ltr'>Zonar.</span> <span class='ocrx_word' id='word_1_140' title='bbox 1182 2963 1214 3028; x_wconf 92' lang='lat' dir='ltr'>p.</span> <span class='ocrx_word' id='word_1_141' title='bbox 1228 2943 1293 3006; x_wconf 80' lang='lat'>476</span> 
     </span>
     <span class='ocr_line' id='line_1_23' title="bbox 190 3049 1287 3140; baseline -0.002 -24"><span class='ocrx_word' id='word_1_142' title='bbox 190 3073 247 3116; x_wconf 87' lang='lat' dir='ltr'>eos</span> <span class='ocrx_word' id='word_1_143' title='bbox 269 3060 461 3137; x_wconf 85' lang='lat' dir='ltr'>sequuntur,</span> <span class='ocrx_word' id='word_1_144' title='bbox 486 3050 541 3137; x_wconf 89' lang='lat' dir='ltr'>qui</span> <span class='ocrx_word' id='word_1_145' title='bbox 562 3049 775 3138; x_wconf 83' lang='lat' dir='ltr'>aDelphin0‚</span> <span class='ocrx_word' id='word_1_146' title='bbox 797 3072 894 3136; x_wconf 88' lang='lat' dir='ltr'>quem</span> <span class='ocrx_word' id='word_1_147' title='bbox 911 3051 1035 3140; x_wconf 91' lang='lat' dir='ltr'>Apollo</span> <span class='ocrx_word' id='word_1_148' title='bbox 1055 3050 1287 3133; x_wconf 74' lang='lat' dir='ltr'>interfecisset,</span> 
     </span>
    </p>
   </div>
   <div class='ocr_carea' id='block_1_10' title="bbox 189 3159 1291 3350">
    <p class='ocr_par' dir='ltr' id='par_1_15' title="bbox 189 3159 1291 3350">
     <span class='ocr_line' id='line_1_24' title="bbox 189 3159 1291 3248; baseline -0.001 -23"><span class='ocrx_word' id='word_1_149' title='bbox 189 3159 340 3247; x_wconf 88' lang='lat' dir='ltr'>Delphos</span> <span class='ocrx_word' id='word_1_150' title='bbox 361 3182 482 3226; x_wconf 85' lang='lat' dir='ltr'>nomen</span> <span class='ocrx_word' id='word_1_151' title='bbox 504 3160 617 3225; x_wconf 81' lang='lat' dir='ltr'>duetos</span> <span class='ocrx_word' id='word_1_152' title='bbox 640 3162 811 3246; x_wconf 81' lang='lat' dir='ltr'>putabant3</span> <span class='ocrx_word' id='word_1_153' title='bbox 834 3161 893 3226; x_wconf 89' lang='lat' dir='ltr'>sed</span> <span class='ocrx_word' id='word_1_154' title='bbox 917 3161 981 3225; x_wconf 85' lang='lat' dir='ltr'>elio</span> <span class='ocrx_word' id='word_1_155' title='bbox 1004 3161 1075 3226; x_wconf 87' lang='lat' dir='ltr'>loeo</span> <span class='ocrx_word' id='word_1_156' title='bbox 1094 3164 1140 3248; x_wconf 92' lang='lat' dir='ltr'>(p.</span> <span class='ocrx_word' id='word_1_157' title='bbox 1149 3161 1223 3245; x_wconf 78' lang='lat'>255,</span> <span class='ocrx_word' id='word_1_158' title='bbox 1234 3161 1291 3240; x_wconf 85' lang='lat'>14)</span> 
     </span>
     <span class='ocr_line' id='line_1_25' title="bbox 191 3267 1111 3350; baseline 0 -16"><span class='ocrx_word' id='word_1_159' title='bbox 191 3280 233 3334; x_wconf 84' lang='lat' dir='ltr'>et.</span> <span class='ocrx_word' id='word_1_160' title='bbox 245 3293 288 3334; x_wconf 93' lang='lat' dir='ltr'>m.</span> <span class='ocrx_word' id='word_1_161' title='bbox 312 3269 400 3334; x_wconf 87' lang='lat' dir='ltr'>idem</span> <span class='ocrx_word' id='word_1_162' title='bbox 421 3291 543 3335; x_wconf 89' lang='lat' dir='ltr'>nomen</span> <span class='ocrx_word' id='word_1_163' title='bbox 569 3270 766 3334; x_wconf 81' lang='lat' dir='ltr'>avoeabulo</span> <span class='ocrx_word' id='word_1_164' title='bbox 790 3267 932 3350; x_wconf 77' lang='grc' dir='ltr'><strong><em>α’όελφοί</em></strong></span> <span class='ocrx_word' id='word_1_165' title='bbox 950 3269 1086 3334; x_wconf 83' lang='lat' dir='ltr'>derivat.</span> <span class='ocrx_word' id='word_1_166' title='bbox 1108 3298 1111 3303; x_wconf 92' lang='lat'>·</span> 
     </span>
    </p>
   </div>
   <div class='ocr_carea' id='block_1_11' title="bbox 181 3427 1297 4229">
    <p class='ocr_par' dir='ltr' id='par_1_16' title="bbox 181 3427 1297 4229">
     <span class='ocr_line' id='line_1_26' title="bbox 709 3427 760 3491; baseline 0.02 -1"><span class='ocrx_word' id='word_1_167' title='bbox 709 3427 760 3491; x_wconf 81' lang='grc'>55.</span> 
     </span>
     <span class='ocr_line' id='line_1_27' title="bbox 293 3532 1295 3634; baseline 0.003 -26"><span class='ocrx_word' id='word_1_168' title='bbox 293 3538 412 3634; x_wconf 72' lang='lat' dir='ltr'>steph.</span> <span class='ocrx_word' id='word_1_169' title='bbox 435 3538 519 3634; x_wconf 76' lang='lat' dir='ltr'><strong>Byz.</strong></span> <span class='ocrx_word' id='word_1_170' title='bbox 548 3561 578 3633; x_wconf 88' lang='lat' dir='ltr'>p.</span> <span class='ocrx_word' id='word_1_171' title='bbox 597 3539 681 3629; x_wconf 80' lang='lat'><strong>247,</strong></span> <span class='ocrx_word' id='word_1_172' title='bbox 701 3537 782 3617; x_wconf 68' lang='lat' dir='ltr'>SM.</span> <span class='ocrx_word' id='word_1_173' title='bbox 818 3532 1044 3619; x_wconf 73' lang='grc' dir='ltr'><strong><em>Δωδώνη-</em></strong></span> <span class='ocrx_word' id='word_1_174' title='bbox 1070 3536 1295 3631; x_wconf 84' lang='grc' dir='ltr'><strong><em>ὠνόμασται</em></strong></span> 
     </span>
     <span class='ocr_line' id='line_1_28' title="bbox 190 3653 1297 3760; baseline -0.005 -26"><span class='ocrx_word' id='word_1_175' title='bbox 190 3657 230 3734; x_wconf 81' lang='grc' dir='ltr'>δὲ</span> <span class='ocrx_word' id='word_1_176' title='bbox 256 3663 355 3734; x_wconf 84' lang='grc' dir='ltr'><strong><em>κατὰ</em></strong></span> <span class='ocrx_word' id='word_1_177' title='bbox 382 3661 664 3758; x_wconf 83' lang='grc' dir='ltr'><strong><em>Θρασύβουλον,</em></strong></span> <span class='ocrx_word' id='word_1_178' title='bbox 698 3664 742 3744; x_wconf 83' lang='grc' dir='ltr'>ὡς</span> <span class='ocrx_word' id='word_1_179' title='bbox 770 3653 1041 3760; x_wconf 82' lang='grc' dir='ltr'><strong><em>Ἐπαφρόδιτος</em></strong></span> <span class='ocrx_word' id='word_1_180' title='bbox 1067 3666 1297 3758; x_wconf 83' lang='grc' dir='ltr'><strong><em>ὑπομνημα-</em></strong></span> 
     </span>
     <span class='ocr_line' id='line_1_29' title="bbox 190 3777 1295 3885; baseline 0 -26"><span class='ocrx_word' id='word_1_181' title='bbox 190 3786 298 3876; x_wconf 75' lang='grc' dir='ltr'><strong><em>πίζον</em></strong></span> <span class='ocrx_word' id='word_1_182' title='bbox 327 3790 373 3859; x_wconf 89' lang='grc' dir='ltr'>τό</span> <span class='ocrx_word' id='word_1_183' title='bbox 399 3785 431 3885; x_wconf 82' lang='grc' dir='ltr'>β’</span> <span class='ocrx_word' id='word_1_184' title='bbox 458 3793 599 3878; x_wconf 72' lang='lat' dir='ltr'>Almo,</span> <span class='ocrx_word' id='word_1_185' title='bbox 637 3786 711 3859; x_wconf 87' lang='grc' dir='ltr'>ἀπό</span> <span class='ocrx_word' id='word_1_186' title='bbox 737 3783 911 3869; x_wconf 83' lang='grc' dir='ltr'><strong><em>Δωδώνης</em></strong></span> <span class='ocrx_word' id='word_1_187' title='bbox 937 3792 1024 3878; x_wconf 84' lang='grc' dir='ltr'><strong><em>μιᾶς</em></strong></span> <span class='ocrx_word' id='word_1_188' title='bbox 1058 3793 1129 3860; x_wconf 75' lang='grc' dir='ltr'>τόν</span> <span class='ocrx_word' id='word_1_189' title='bbox 1154 3777 1295 3861; x_wconf 72' lang='grc' dir='ltr'><strong><em>Ὠκεα-</em></strong></span> 
     </span>
     <span class='ocr_line' id='line_1_30' title="bbox 190 3910 485 4010; baseline 0.003 -26"><span class='ocrx_word' id='word_1_190' title='bbox 190 3910 298 3985; x_wconf 78' lang='grc' dir='ltr'><strong><em>νὶδων</em></strong></span> <span class='ocrx_word' id='word_1_191' title='bbox 319 3920 485 4010; x_wconf 80' lang='grc' dir='ltr'><strong><em>νυμφῶν.</em></strong></span> 
     </span>
     <span class='ocr_line' id='line_1_31' title="bbox 292 4030 1296 4123; baseline 0.002 -25"><span class='ocrx_word' id='word_1_192' title='bbox 292 4033 416 4098; x_wconf 71' lang='grc' dir='ltr'><strong><em>Αἰτίων</em></strong></span> <span class='ocrx_word' id='word_1_193' title='bbox 437 4057 496 4123; x_wconf 89' lang='lat' dir='ltr'>pro</span> <span class='ocrx_word' id='word_1_194' title='bbox 510 4030 633 4122; x_wconf 17' lang='lat' dir='ltr'>,Aluos</span> <span class='ocrx_word' id='word_1_195' title='bbox 656 4056 715 4099; x_wconf 85' lang='lat' dir='ltr'>eur</span> <span class='ocrx_word' id='word_1_196' title='bbox 737 4044 898 4099; x_wconf 85' lang='lat' dir='ltr'>mutemus</span> <span class='ocrx_word' id='word_1_197' title='bbox 914 4057 989 4100; x_wconf 86' lang='lat' dir='ltr'>eum</span> <span class='ocrx_word' id='word_1_198' title='bbox 1003 4034 1172 4118; x_wconf 86' lang='lat' dir='ltr'>Berkelio,</span> <span class='ocrx_word' id='word_1_199' title='bbox 1193 4055 1296 4119; x_wconf 87' lang='lat' dir='ltr'>quem</span> 
     </span>
     <span class='ocr_line' id='line_1_32' title="bbox 181 4143 1293 4229; baseline 0.004 -24"><span class='ocrx_word' id='word_1_200' title='bbox 181 4153 320 4207; x_wconf 78' lang='lat' dir='ltr'>secutus</span> <span class='ocrx_word' id='word_1_201' title='bbox 341 4154 393 4208; x_wconf 82' lang='lat' dir='ltr'>est</span> <span class='ocrx_word' id='word_1_202' title='bbox 413 4144 611 4229; x_wconf 61' lang='lat' dir='ltr'>Menekine,</span> <span class='ocrx_word' id='word_1_203' title='bbox 633 4167 699 4209; x_wconf 91' lang='lat' dir='ltr'>non</span> <span class='ocrx_word' id='word_1_204' title='bbox 721 4153 770 4208; x_wconf 90' lang='lat' dir='ltr'>est</span> <span class='ocrx_word' id='word_1_205' title='bbox 793 4167 897 4210; x_wconf 83' lang='lat' dir='ltr'>eausa.</span> <span class='ocrx_word' id='word_1_206' title='bbox 951 4143 1006 4212; x_wconf 76' lang='lat' dir='ltr'>Sir</span> <span class='ocrx_word' id='word_1_207' title='bbox 1027 4144 1114 4209; x_wconf 88' lang='lat' dir='ltr'>enim</span> <span class='ocrx_word' id='word_1_208' title='bbox 1138 4143 1293 4229; x_wconf 84' lang='lat' dir='ltr'>singulos</span> 
     </span>
    </p>
   </div>
   <div class='ocr_carea' id='block_1_12' title="bbox 0 0 1348 4552">
    <p class='ocr_par' dir='ltr' id='par_1_17' title="bbox 0 0 1348 4552">
     <span class='ocr_line' id='line_1_33' title="bbox 0 0 1348 4552; baseline 0 0"><span class='ocrx_word' id='word_1_209' title='bbox 0 0 1348 4552; x_wconf 95' lang='lat' dir='ltr'> </span> 
     </span>
    </p>
   </div>
  </div>
 </body>
</html>
