2676 4546
605 232 623 294 7

59 429 175 496 matici
197 429 414 517 Epaphroditi
435 431 562 496 nullum
584 430 751 496 invenitur
771 430 958 517 vestigium,
980 433 1083 497 nostri
1107 456 1161 498 au-

58 549 127 605 tem
149 537 325 605 auctoritas
345 539 467 607 Romae
489 549 578 604 tanta
600 542 680 624 crat,
709 549 756 622 ut,
786 540 874 624 quod
903 549 1007 607 statua
1028 541 1084 605 illa
1105 543 1162 607 ho·

59 658 194 714 noratus
217 649 269 732 sit,
290 670 357 713 non
378 649 419 712 sit
443 650 536 717 nobis
557 648 752 714 mirandum.

145 758 233 824 Huic
264 758 365 843 igitur
381 769 518 824 'statuae
548 782 614 824 non
644 768 807 847 repugnat
829 759 1000 825 Viscontio
1029 760 1160 842 testa1),

63 869 154 952 quod
177 867 296 936 Suidas
320 869 360 933 de
376 868 594 957 Epaphroditi
614 868 726 933 habitu
748 867 890 952 tradidit,
912 878 1069 953 quantum
1092 869 1163 953 qui-

59 976 137 1042 dem
160 977 194 1042 in
218 979 404 1066 sculpturae
425 1000 525 1066 opere
545 977 702 1062 cognosci
728 978 840 1065 possit.
893 977 1052 1043 Barbatus
1074 978 1163 1063 quod

59 1087 156 1151 fictus
181 1084 230 1168 sit,
250 1109 315 1151 non
338 1096 387 1152 est
408 1109 466 1151 cur
490 1085 704 1170 offendamus,
732 1086 808 1172 quia
830 1087 895 1150 iam
917 1085 1061 1152 Neronis
1083 1097 1162 1150 tem-

59 1217 143 1281 pore
166 1194 263 1259 etiam
285 1194 372 1260 inter
384 1194 548 1262 Romanos
561 1204 664 1278 erant,
687 1195 742 1279 qui
768 1195 901 1261 barbam
922 1195 1163 1282 promitterent,

60 1305 103 1369 de
127 1326 192 1388 qua
214 1327 250 1368 re
272 1303 346 1369 vide
371 1303 410 1371 Ο.
424 1305 517 1371 Iahn.
530 1304 574 1396 ad.
584 1302 677 1368 Pers.
688 1303 747 1382 IV,
761 1304 802 1368 36
824 1314 857 1367 ct
880 1305 982 1393 praef.
994 1328 1027 1392 p.
1039 1303 1163 1389 XLIV,

61 1414 187 1481 Graeci
209 1423 317 1477 autem
338 1412 713 1504 imprimisphiiosophi
743 1424 775 1478 et
806 1413 896 1480 docti
929 1414 1002 1498 viri,
1035 1413 1163 1480 etiamsi

59 1524 185 1590 Romae
208 1508 500 1605 commorabantur,
521 1515 670 1588 omnibus
701 1522 772 1588 fore
792 1523 994 1611 temporibus
1029 1524 1163 1589 barbam

60 1633 152 1698 alere
169 1631 328 1699 solebant.
401 1708 406 1715 .

165 1840 191 1911 1)
165 1840 259 1926 1⁴30n
275 1857 312 1894 ne
329 1842 461 1911 peut’-
479 1841 622 1923 mquit5
649 1847 748 1924 guare
774 1842 953 1897 reconnaitre
980 1858 1026 1896 ces
1046 1842 1166 1910 qualitas

69 1907 139 1995 dans
157 1956 196 1991 un
207 1934 335 2033 pertrait
353 1953 393 1990 en
405 1930 562 2021 scalpture3
580 1938 650 2024 mais
669 1938 695 1992 le
713 1938 846 2004 cheveux,
856 1936 1072 1992 naturallemcnt
1084 1937 1166 1992 frises

69 2039 99 2089 et
119 2025 238 2104 presque
257 2032 377 2087 herisses
396 2030 464 2087 daris
485 2051 523 2086 un
541 2030 593 2103 age'
611 2020 685 2100 mbr,
705 2051 812 2089 comme
830 2033 858 2088 le
878 2036 943 2087 sont
961 2050 1032 2088 ceux
1043 2033 1079 2088 de
1091 2037 1167 2089 cette

65 2131 137 2192 tete,
158 2128 315 2215 sripposent
333 2145 410 2182 assez
428 2127 639 2199 generalement
657 2145 696 2182 un
713 2128 786 2184 teint'
805 2129 878 2183 brun
897 2133 926 2184 et
943 2128 1070 2183 basani!
