2676 4546
650 232 688 296 13

115 432 290 498 maximam
326 429 457 517 quidem
494 440 620 516 partem
653 429 768 516 plenos
803 428 872 494 eius
908 427 1066 494 librorum
1103 428 1243 504 titulos¹

113 540 263 606 attulerit
292 560 345 586 -1
364 538 416 603 cui
438 539 486 603 rei
509 538 705 602 documento
729 559 800 602 esse
823 547 933 625 potest
954 538 1122 623 integrum
1145 538 1216 606 Ste-

113 649 216 738 phani
241 648 282 714 de
305 648 446 713 Dodona
469 647 692 734 fragmentum
716 647 795 728 (vid.
810 647 873 730 frg.
887 647 927 711 39
951 656 985 710 et
1004 648 1060 730 55)
1084 683 1127 696 —
1148 647 1215 735 epi-

114 767 258 823 tomator
289 768 398 822 autem
430 756 597 823 brevitatis
633 779 730 821 causa
758 778 831 820 cum
859 755 970 821 titulos
994 754 1216 821 decurtaverit

113 889 238 954 eosque
263 866 429 931 interdum
450 888 515 930 uua
540 888 614 930 cum
630 875 800 930 auctorum
812 864 998 930 nominibus
1016 865 1112 953 plane
1135 865 1215 930 omi·

114 975 195 1042 serit
214 985 285 1040 tum
310 971 525 1062 Epaphroditi
549 973 584 1040 in
604 973 742 1037 Iliadem
775 982 807 1037 et
830 971 1014 1058 Odysseam
1036 974 1215 1061 hypomne-

114 1094 203 1149 mata
224 1083 372 1158 breviter
404 1081 527 1146 dixerit
546 1077 754 1163 Ὁμηρικάῑ).
810 1079 986 1168 Copiarum
1018 1081 1217 1169 geographi·

113 1216 227 1258 carum
254 1189 550 1258 coacervandarum
574 1191 776 1254 occasionem
799 1173 959 1277 imprimis
982 1192 1127 1256 secunda
1139 1190 1214 1258 Ilia·

113 1299 163 1366 dis
198 1298 379 1387 rhapsodia
412 1298 539 1382 obtulit,
585 1320 681 1383 quam
716 1300 757 1363 ob
789 1320 859 1362 rem
892 1299 977 1363 hanc
1011 1299 1215 1388 potissimum

115 1408 426 1474 commentariorum
450 1406 519 1472 eins
541 1417 668 1494 partem
690 1431 709 1470 a
731 1406 900 1495 Stephano
931 1409 1135 1496 compilatam
1166 1408 1215 1472 vi·

114 1515 243 1583 demus.
275 1516 349 1582 Huc
372 1516 460 1580 enim
481 1515 579 1581 retuli
602 1515 786 1581 notationes
809 1516 1073 1596 hasceaBrjccu,
1095 1518 1214 1580 Δουλί-

113 1645 201 1710 χιον,
220 1622 359 1702 Δώριον,
383 1618 550 1706 Εὔτρησις,
571 1622 703 1707 Ἐφύρα,
730 1623 844 1706 Θίσβη,
870 1625 998 1705 Κῶπαι,
1021 1624 1216 1705 Λάμψακος,

114 1733 152 1818 (a.
179 1731 343 1812 Πιτύεια),
369 1731 548 1813 Nauaron
580 1734 697 1800 eodem
722 1736 861 1800 fortasse
893 1743 1041 1819 spectant
1066 1732 1215 1814 Δρυόιιη,

107 1838 250 1922 Ὄλμιον,
275 1839 454 1921 Σαμάρεια,
480 1841 670 1928 Χρυσαορίς
694 1841 732 1926 (s.
760 1840 897 1926 lisoio).

198 1949 240 2015 In
258 1949 307 2014 his
328 1971 458 2037 quoque
481 1950 723 2017 commentariis
737 1951 894 2036 Didymo,
913 1954 967 2016 ‘ex
990 1952 1082 2017 cuius
1104 1961 1215 2018 aucto·

118 2058 212 2124 ritate
228 2061 298 2125 fere
312 2059 550 2148 pependerunt,
566 2059 751 2146 quicunque
764 2061 838 2124 etin
852 2060 967 2125 lexicis
979 2061 1215 2149 componendis

116 2177 149 2235 et
173 2167 208 2233 in
229 2168 473 2234 commentariis
496 2168 738 2254 perscribendis
759 2171 815 2233 illa
836 2180 941 2234 aetate
967 2192 1102 2257 operam
1124 2193 1215 2236 suam

115 2281 342 2364 collocarunt’,
365 2283 457 2347 fonte
480 2302 575 2345 usum
599 2301 670 2344 esse
692 2279 869 2364 uberrimo,
894 2279 972 2344 licet
989 2302 1110 2346 nomen
1126 2280 1215 2346 illius

112 2377 225 2457 inhia
247 2391 440 2478 fragmentis
464 2413 532 2456 non
554 2390 751 2472 inveniatur,
775 2389 847 2474 quis
870 2390 933 2453 hoc
955 2411 1023 2455 non
1046 2411 1214 2455 concesse·

114 2498 185 2565 rit?
216 2501 396 2567 Praeterea
418 2521 460 2564 ne
481 2502 602 2564 multus
623 2500 683 2565 sim
705 2501 746 2589 de
772 2499 972 2582 Aristarcho,
996 2521 1094 2582 quem
1118 2521 1216 2584 quam

113 2608 157 2674 sit
180 2619 292 2674 secuta
313 2618 380 2674 tota
402 2609 551 2675 doctrina
569 2609 686 2692 nostri,
706 2609 865 2694 reliquiae
879 2611 970 2697 ipsae
987 2608 1125 2674 docent:
1148 2608 1215 2675 Oli-

113 2718 267 2784 tarchum
280 2719 453 2806 usurpavit
463 2718 662 2807 Aeginetam
685 2718 969 2806 lexicographum,
993 2717 1048 2804 qui
1060 2717 1088 2779 Γ
1088 2716 1216 2790 λώσσας

115 2825 187 2893 sive
209 2828 284 2907 περὶ
309 2823 464 2910 γλωασῶι
496 2828 716 2909 πραγματείαν
746 2827 877 2913 scripsit
890 2831 927 2910 2),
960 2828 1014 2912 qui
1046 2827 1131 2893 liber
1157 2827 1216 2896 hle

114 2936 186 3002 illic
206 2936 247 3001 ad
271 2947 380 3024 partes
402 2947 536 3003 vocatur
559 2940 598 3003 ab
618 2938 802 3003 Athenaeo.
858 2936 985 3002 Laudat
1005 2960 1080 3011 eum
1103 2947 1215 3002 noster

114 3045 151 3110 in
172 3043 271 3130 frgm.
292 3045 342 3110 32.
396 3044 513 3130 Neque
536 3044 752 3110 Heracleonis
774 3044 924 3129 neglexit
946 3043 1215 3109 commentarium

115 3154 342 3239 Homericum,
366 3155 580 3221 Heracleonis
606 3153 778 3242 Aegyptii,
814 3153 994 3221 Glauconis
1015 3153 1070 3218 vel
1092 3151 1214 3220 Glauci

114 3263 176 3329 filii
189 3264 228 3347 3),
257 3265 348 3329 cuius
380 3266 649 3331 commentarium
672 3273 929 3330 commemorant
950 3263 1127 3327 scholiasta
1149 3261 1215 3328 Ho-

114 3373 260 3438 mericus
281 3373 471 3439 Eustathius
496 3374 659 3462 Stepanus
683 3372 877 3458 Byzantium
911 3373 1012 3437 semel
1046 3372 1142 3436 etiam
1175 3373 1215 3438 ab

192 3576 224 3647 1)-
238 3576 330 3632 Aliter
349 3578 505 3633 Gronovius
523 3577 559 3631 ad
575 3577 670 3647 Steph.
692 3576 756 3644 Byz.
775 3593 797 3629 s.
815 3592 840 3629 v.
860 3567 993 3641 Andeira.

190 3676 218 3743 ἵ)
237 3673 407 3745 Fragmenta
427 3674 561 3729 Clitarchi
580 3674 696 3743 collegit
709 3671 896 3727 C.Muellerus
909 3670 1127 3739 (Scriptrerum
1137 3669 1216 3723 Alex.

115 3771 215 3841 magni
235 3788 261 3840 p.
272 3775 307 3824 74
324 3773 404 3839 not),
432 3772 479 3840 qui
501 3776 579 3824 recte
605 3788 668 3823 eum
694 3769 823 3821 distinxit
849 3768 884 3821 ab
909 3766 1044 3820 historico
1064 3765 1216 3835 Clitarcho,

116 3867 274 3922 Alexandri
291 3867 388 3938 Magni
407 3868 518 3933 comite,
544 3868 616 3921 male
636 3871 729 3920 autem
747 3863 952 3933 ‘Epaphrodito
968 3863 1116 3916 iuniorcm'
1136 3861 1214 3926 dicit,

116 3965 174 4019 nisi
191 3965 238 4020 hic
251 3968 299 4019 'est
312 3966 407 4035 lapsus
425 3964 532 4018 calami.
569 3964 661 4017 Aliter
678 3960 826 4016 Graefenh.
844 3958 861 4014 l.
879 3960 897 4014 l.
917 3959 939 4013 1.
958 3977 987 4029 p.
998 3962 1059 4013 532.

191 4062 219 4132 3)
236 4060 279 4116 De
289 4058 463 4116 Heracleone
482 4060 538 4116 vid.
549 4059 644 4114 Meter.
658 4058 760 4127 Opusc.
773 4055 809 4109 11.
828 4074 856 4125 p.
868 4059 911 4110 27.
931 4060 989 4110 not.
1002 4059 1061 4109 100.
1081 4048 1216 4112 Beccard.

118 4157 153 4213 de
172 4157 259 4214 schol.
279 4158 309 4211 in
326 4157 406 4215 Hom.
425 4157 506 4215 Iliad.
527 4157 625 4215 Venet.
642 4157 728 4232 pto.

1269 4052 1320 4263 ,
