2676 4546
728 233 751 294 4

192 428 351 495 Archiam
373 441 411 494 ut
434 429 648 495 educatorem
669 455 706 497 ac
728 432 924 518 magistrum
944 432 1165 521 Epaphroditi
1188 452 1291 516 agno·

190 560 286 605 scere
307 539 455 626 iniquum
477 560 550 604 esse
573 540 652 604 mibi
676 541 817 606 videtur.
860 542 1017 606 Archiam
1042 542 1222 606 verisimile
1244 552 1292 606 est

191 649 362 734 aequalem
384 649 486 715 fuisse
500 649 672 738 Apollonii
689 650 863 739 Sopbiatae
886 651 941 714 vel
959 652 1047 716 haud
1071 653 1214 716 multum
1237 674 1291 715 au-

191 765 246 822 tea
265 757 399 824 vixisse.

277 866 334 931 Ab
355 866 420 931 boc
441 865 544 949 igitur
572 866 699 931 Archia
729 868 898 932 institutus
919 877 1017 952 atque
1046 868 1212 932 enutritus
1243 877 1291 932 est

189 985 303 1040 noster
313 974 561 1062 Epaphroditus
577 996 686 1059 ncquc
700 975 916 1060 improbabile
934 987 985 1039 est
996 977 1104 1039 statim
1115 975 1290 1063 parvulum

188 1083 429 1149 Alexandriam
450 1082 564 1147 sedem
586 1106 624 1148 11
640 1085 830 1169 magistram
842 1084 1023 1148 studiorum
1035 1107 1112 1147 eum
1125 1084 1290 1150 babuisse.

164 1257 167 1261 ,
188 1193 304 1276 Itaque
327 1213 521 1279 quamquam
545 1192 580 1256 iu
603 1193 717 1256 servili
734 1191 923 1257 conditione
940 1203 1021 1276 crat,
1042 1203 1168 1257 tantam
1181 1203 1291 1257 tamen

114 1337 122 1345 ·
188 1300 371 1366 doctrinam
393 1311 492 1386 atque
514 1301 733 1366 eruditionem
754 1301 817 1366 sibi
843 1302 1056 1390 comparavit,
1078 1311 1116 1365 ut
1136 1302 1292 1384 Modesti,

188 1410 347 1497 praefecti
371 1409 533 1496 Aegypti,
570 1409 716 1475 animum
736 1410 772 1474 in
803 1432 840 1474 se
873 1421 1093 1494 converteret,
1126 1411 1182 1498 qui
1215 1433 1291 1475 eum

189 1518 280 1600 emit,
314 1540 379 1604 quo
408 1517 553 1584 Petelini
587 1519 647 1583 filii
677 1518 853 1584 educatore
884 1528 1041 1584 uteretur.
1094 1519 1215 1605 Neque
1249 1520 1291 1584 de

189 1634 284 1712 patre
309 1624 462 1692 Modesto
483 1645 592 1709 neque
613 1625 655 1688 de
673 1624 826 1689 Petelino
846 1625 914 1690 filio
937 1623 1116 1711 quidquam
1140 1637 1191 1690 est
1215 1649 1292 1711 cog·
1309 1605 1323 1613 .

188 1733 303 1816 uitum,
325 1733 387 1798 nisi
408 1732 497 1819 quod
519 1732 569 1797 illi
592 1733 729 1821 plenum
752 1734 855 1799 Marci
876 1731 979 1797 Mettii
1003 1734 1147 1799 Modesti
1168 1756 1292 1801 nomen

188 1841 289 1908 tuisse
309 1841 398 1906 11111
418 1839 612 1908 videbimus.

270 1949 435 2033 Quamdiu
464 1947 498 2014 in
529 1949 589 2014 1111
617 1949 731 2013 servili
761 1949 948 2014 conditione
969 1949 1069 2014 fuerit
1090 1959 1125 2014 et
1147 1951 1286 2017 Romam

188 2058 320 2142 quando
343 2059 485 2144 venerit,
512 2048 554 2124 ex
577 2058 699 2126 Suidae
722 2058 833 2124 verbis
855 2083 921 2124 non
945 2059 1063 2124 clucet.
1113 2059 1154 2125 Id
1186 2082 1290 2124 unum

186 2169 411 2233 tantummodo
433 2177 545 2234 nostro
568 2169 640 2234 iure
652 2167 812 2255 suspicari
826 2189 997 2256 possumus
1012 2190 1088 2232 eum
1099 2167 1290 2234 Modestum

187 2274 324 2343 Romam
347 2275 563 2342 decedentem
584 2287 730 2356 secutum
753 2299 826 2342 esse
847 2277 959 2361 ibique
982 2258 1169 2341 libertatem
1191 2298 1285 2342 acce-

187 2383 284 2473 pisse.
317 2385 433 2470 Itaque
456 2385 646 2473 priusquam
665 2386 802 2452 Romam
823 2385 924 2468 venit,
945 2368 1171 2450 Alexandriae
1193 2386 1287 2450 scho-

187 2494 253 2559 lam
273 2517 339 2560 111
360 2495 473 2560 babuit
494 2516 602 2580 neque
622 2495 657 2559 in
671 2495 786 2561 Museo
808 2515 917 2579 neque
936 2493 1032 2558 aliam
1058 2494 1231 2580 privatam,
1253 2494 1288 2560 id

188 2602 276 2688 quod
300 2612 413 2668 censet
432 2604 604 2688 Matterus,
639 2603 694 2691 qui
724 2625 797 2668 eum
818 2604 855 2668 in
875 2625 1013 2668 numero
1035 2625 1149 2668 eorum
1170 2602 1288 2687 refert,
1322 2678 1325 2685 ,

188 2711 244 2798 qui
256 2710 480 2777 Alexandriae
494 2712 666 2778 docuerint
676 2715 712 2792 ¹).
745 2711 819 2778 Illis
840 2711 943 2798 igitur
953 2711 1157 2799 temporibus
1176 2722 1290 2777 noster

186 2821 417 2908 grammaticus
440 2821 562 2905 floruit,
584 2822 793 2908 quibuscum
813 2820 906 2885 multi
924 2831 956 2885 11
968 2820 1056 2886 (11111
1070 2821 1192 2888 Gracci
1217 2831 1287 2886 tum

187 2928 382 2996 Heraclides
403 2930 570 3012 Ponticus,
584 2929 758 2996 Archibius
771 2928 952 2994 Ptolemaei
970 2929 1057 2995 filius
1080 2929 1287 3014 grammatici

141 3082 154 3093 -
186 3037 221 3102 in
242 3038 304 3104 hac
328 3040 409 3105 urbe
435 3038 617 3103 docueruut
640 3050 673 3104 et
700 3039 893 3105 floruerunt.
950 3038 1035 3104 Cum
1057 3037 1286 3102 Ptolemaeum

187 3168 318 3236 quoque
331 3148 584 3235 Hephaestionis
606 3148 723 3213 eodem
739 3158 886 3234 tempore
906 3148 1029 3214 Romae
1051 3145 1150 3211 fuisso
1163 3145 1286 3212 Suidas

187 3255 277 3342 dicit,
298 3256 333 3321 id
355 3255 488 3341 quidem
507 3257 551 3321 ita
568 3256 791 3322 definiendum
806 3265 857 3320 cst
872 3264 909 3320 ut
918 3255 1040 3320 vixerit
1053 3254 1113 3318 1111
1124 3264 1287 3342 tempore,

187 3384 254 3428 uon
273 3361 433 3428 docuerit.
486 3361 570 3430 Cum
597 3363 685 3428 euim
706 3363 844 3452 Traiano
867 3372 901 3427 11
925 3360 1095 3427 Hadriano
1113 3361 1289 3450 imperato-

187 3470 279 3537 ribus
304 3471 528 3536 Ptolemaeum
557 3471 706 3538 floruisse
736 3480 769 3535 11
798 3470 870 3534 aliis
901 3480 934 3534 et
966 3469 1038 3556 ipso
1059 3470 1162 3537 Suida
1195 3477 1288 3548 (av.

186 3581 404 3664 Πτολεμαῖος)
428 3590 561 3646 auctore
585 3588 723 3663 constet,
746 3579 888 3643 efficitur
909 3579 1061 3644 iuvenem
1085 3599 1159 3643 eum
1186 3578 1289 3645 fuisse

185 3687 411 3777 Epaphrodito
435 3711 523 3754 sene.
553 3689 602 3758 Ut
623 3689 776 3753 iuventus
790 3685 968 3751 Ptolemaei
988 3685 1021 3775 iu
1045 3695 1184 3751 aetatem
1196 3686 1286 3774 Epa-

185 3797 329 3886 phroditi
361 3797 498 3884 incidit,
530 3799 574 3862 ita
604 3796 791 3863 Heraclidis
826 3795 955 3862 Pontici
987 3807 1150 3879 senectus,
1185 3818 1285 3882 quem

187 3904 316 3973 Claudii
341 3915 373 3972 et
395 3906 537 3974 Neronis
558 3906 761 3993 temporibus
784 3905 906 3971 Romae
941 3904 1072 3970 scholae
1102 3906 1286 3993 praefuisse

189 4057 385 4080 σι-ιι-ι-α-

260 4172 285 4242 1)
302 4168 427 4225 Histoire
444 4165 479 4222 de
497 4163 594 4220 l’dcole
614 4161 813 4218 d’Alexandrie
832 4169 852 4217 t.
863 4163 883 4220 l.
902 4168 992 4234 11272
1013 4169 1042 4219 et
1059 4166 1119 4220 2⁷9.
