2676 4546
535 202 687 272 '12

117 409 307 486 κδνναθρον,
330 405 430 483 κέλης,
452 407 578 478 πέπλος,
598 407 759 484 rotarum:
782 427 864 489 quae
881 406 1014 491 quidem
1038 429 1149 472 omnes

116 542 190 586 sese
216 519 348 601 habent,
370 527 406 580 ut
431 541 449 581 a
467 538 563 581 socco
588 537 642 582 eus
665 539 731 580 non
748 515 925 579 abhorrere
942 515 1039 580 facile
1054 516 1115 580 sibi
1131 538 1149 599 q

117 651 181 714 que
205 627 410 714 persuadeat.
892 626 896 634 '

526 821 552 883 2.
600 821 806 883 dennestede

400 955 664 1044 Hypomncmata
684 952 718 1019 in
737 954 932 1018 Homerum.

111 1180 114 1186 -
146 1118 151 1135 ’
201 1131 353 1200 Secundo
383 1131 457 1195 loco
488 1130 639 1218 ponimus
670 1126 988 1194 commentarios'in
1022 1130 1148 1195 Homer

118 1237 288 1319 ὑπόμνημα
311 1239 365 1318 τής
381 1235 513 1310 Ἰλιάδος
535 1248 567 1303 et
592 1233 763 1317 ὑπόμνημα
795 1239 850 1317 τῆς
871 1235 1067 1309 Ὀδυσσείας.
1124 1241 1149 1322 Q

118 1350 219 1414 libros
253 1348 499 1436 rhapsodiarum
534 1369 671 1411 numero
704 1347 913 1435 respondisse
947 1368 1067 1433 easque
1102 1371 1149 1412 om

119 1457 408 1544 comprehendisse
419 1459 442 1535 ¹)
465 1478 506 1520 ex
528 1467 639 1520 eorum
652 1455 813 1520 iudicibus
827 1456 965 1541 colligo:
981 1453 1149 1536 Ἐααφρόδ

117 1566 151 1629 ἐν
172 1561 374 1645 ὑπομνήματι
405 1562 581 1636 δἸλιοὶδος
610 1565 689 1650 (frg.
708 1565 773 1650 32),
810 1563 1043 1645 Ἐπαφρόδιτος
1066 1563 1099 1625 ἐν
1127 1587 1149 1646 τίν

116 1675 171 1754 τής
196 1671 329 1746 Ἰλιάδος
362 1675 439 1760 (fug.
454 1675 517 1757 39),
550 1672 614 1740 Ἔα.
639 1674 672 1736 ἕν
694 1670 896 1753 ὑπομνήματι
921 1671 937 1748 ζ
960 1672 1004 1757 (ξ)
1028 1671 1146 1733 Ὀδσσσ

86 1791 88 1795 ’
118 1763 277 1872 (frg.48),
310 1779 540 1863 Ἐπαφρόδιτος
564 1782 597 1844 ἓν
620 1777 792 1862 ὑπομνήσει
815 1780 869 1845 vel
895 1777 1095 1860 ὑπομνήματι
1110 1783 1135 1861 2)

117 1886 291 1968 remediator
311 1890 328 1960 ’ξ
346 1882 536 1956 Ὠδσσσειάς
559 1887 638 1970 (frg.
654 1886 718 1965 47),
744 1883 804 1945 Ἑνὶ.
837 1884 870 1946 ἐν
894 1881 1095 1964 ὑπομνήματι
1116 1887 1149 1965 τι]

116 1992 300 2066 Ὀδυσσείας
330 1995 486 2082 (ogdo).
541 1993 691 2076 Quorum
723 1993 881 2058 librorum
914 2015 996 2079 quae
1029 1995 1149 2079 fragm<

119 2104 205 2192 apud
228 2103 494 2193 lexicographos,
515 2101 715 2187 scholiastes,
746 2101 953 2166 Eustathium
984 2111 1109 2185 extant,
1141 2127 1149 2165 s

119 2212 239 2286 docent
261 2237 328 2278 non
346 2212 451 2277 solum
470 2211 509 2277 de
521 2213 697 2277 verborum
717 2211 1013 2299 significationibus
1037 2211 1149 2274 formis

119 2314 325 2406 definiendis,
357 2321 397 2386 de
431 2323 530 2387 rebus
563 2323 718 2406 mythicis
748 2320 1047 2408 geographicisquo
1083 2343 1149 2408 cop:

120 2455 194 2498 eum
220 2431 338 2516 egisse,
369 2430 428 2496 sed
451 2431 549 2496 etiam
570 2432 707 2496 Homeri
729 2430 899 2517 cogitandi
921 2428 1119 2512 dicendique
1144 2456 1149 2490 ι

118 2541 323 2625 suetudinem
345 2541 523 2626 diligenter
544 2543 744 2606 observasse.
803 2539 929 2621 Quibus
964 2539 998 2604 in
1030 2541 1127 2604 rebus

116 2650 281 2716 interdum
303 2672 400 2716 sensu
423 2651 599 2715 absurdum
625 2672 686 2715 nec
708 2672 839 2738 semper
854 2648 1082 2715 felicissimum
1101 2648 1149 2736 de]

118 2759 302 2842 hendimuS,
323 2769 431 2823 tamen
454 2783 492 2824 ea
516 2761 557 2825 de
575 2783 672 2826 causa
685 2782 815 2831 omnem
829 2758 960 2835 laudem
975 2769 1149 2823 commenta

118 2867 187 2932 istis
210 2849 378 2955 denegare
399 2878 449 2935 est
469 2868 718 2957 iniquissimum,
750 2867 1017 2955 quandoquidem
1050 2868 1133 2931 nihil

119 2977 304 3064 peccaverit
323 2975 386 3041 nisi
409 2976 496 3063 quod
518 2977 572 3040 vel
590 2976 795 3044 doctissimus
817 2976 905 3048 illius
923 2974 1036 3040 aetatis
1055 2996 1150 3059 gram

118 3082 202 3150 ticus
225 3085 413 3174 saepissime
435 3087 646 3151 commiserit.
699 3086 806 3151 Etiam
835 3088 896 3152 arti
922 3087 1056 3152 criticae
1082 3107 1149 3173 ope:

118 3217 193 3281 eum
228 3186 363 3261 narasse
395 3194 592 3261 documento
623 3208 671 3261 est
694 3197 811 3284 fragm.
832 3197 883 3262 25.
933 3198 1054 3263 Multus
1087 3195 1149 3260 vid.

96 3292 218 3370 ¹fuisse
237 3304 272 3370 in
295 3307 392 3370 rebus
414 3307 659 3393 geographicis,
689 3305 722 3370 id
754 3307 840 3393 quod
873 3316 970 3370 etex
994 3305 1149 3372 sohol.H

118 3422 215 3478 etex
239 3413 406 3502 Stephano
435 3415 515 3500 Byz.
540 3415 697 3481 videmus.
750 3416 843 3497 Quae
873 3414 959 3480 enim
992 3414 1112 3500 scripta
1145 3419 1149 3479 ἱ

118 3521 246 3609 phenus
269 3521 406 3608 Byzant.
440 3519 598 3605 Ὁμηρικιὶ
619 3523 775 3607 nominat,
807 3524 897 3589 nullu
919 3525 982 3587 alia
1004 3532 1089 3604 sunt,
1121 3547 1149 3610 qr

119 3632 343 3696 commentarii
366 3631 546 3698 Homerici.
586 3632 662 3698 Non
682 3632 804 3714 dubito,
831 3632 909 3717 quin
934 3631 1122 3719 Stephanus
1145 3635 1149 3696 i

192 3837 216 3905 1)
234 3835 272 3891 Ut
289 3835 445 3891 Heracleon
463 3835 576 3905 scripsit
594 3834 678 3889 Suida
695 3836 769 3888 teste
787 3827 941 3906 ὑπόμνημα
960 3835 998 3893 εὶς
1009 3828 1131 3906 Ὅμηρον

119 3931 276 4002 ῥαψῳδίαν.

190 4029 217 4092 2)
239 4025 281 4079 De
299 4025 414 4080 vocibus
433 4019 587 4098 ὑπόμνημα
607 4028 636 4079 es
656 4019 814 4096 ὑπόμνησις
831 4040 914 4093 saepe
935 4022 1057 4078 confusis
1071 4022 1125 4078 uid.

119 4122 148 4175 in
167 4122 320 4176 Commeat.
340 4121 484 4192 Palaeogr.
502 4124 592 4190 p.=822
604 4139 644 4190 sq.
664 4121 708 4176 ed.
730 4119 836 4174 Schaef.
