2676 4546
591 254 630 320 17

56 472 168 517 nonus
188 450 234 516 id.
243 451 479 521 desiderabat?
515 454 548 519 in
579 453 697 542 quibus
727 464 833 542 poeta,
861 464 897 520 nt
920 453 997 519 satis
1019 460 1156 533 constat,

56 559 246 625 reconditas
268 582 366 647 saepe
387 561 513 628 fabulas
541 561 745 651 paucissimis
775 563 884 629 verbis
916 561 1081 647 attigerat,
1112 557 1156 624 de

57 666 172 731 multis
198 667 295 732 terris
314 668 509 756 oppidisque
532 680 658 755 egerat,
687 670 750 735 hoc
775 670 979 759 potissimum
1011 666 1156 733 secundo
1207 697 1209 701 ¹

57 773 153 856 libro,
174 773 230 861 qni
253 774 381 840 urbium
402 774 558 861 origines,
591 776 673 842 illud
696 788 822 863 quarto,
844 778 900 863 qni
922 800 1012 843 sacra
1027 775 1158 863 publica

10 944 12 949 ,
57 907 255 973 omnemque
278 886 415 953 deorum
436 889 562 955 cultum
582 890 794 979 pertractavit
806 891 842 975 ¹).
873 889 992 976 Neque
1011 909 1091 953 vcro
1113 887 1158 952 ita

57 994 107 1061 sni
126 989 295 1061 dissimilis
312 1017 388 1062 esso
408 1007 549 1084 poterat,
561 1008 597 1062 ut
613 996 851 1084 etymologicus
863 1021 928 1082 res,
943 997 1059 1082 quihus
1071 994 1159 1061 haud

10 1096 13 1165 ῗ
57 1122 194 1190 parvam
215 1102 250 1169 in
270 1103 345 1169 aliis
367 1106 609 1171 commentariis
631 1117 779 1173 nostrum
804 1128 937 1194 operam
960 1127 1096 1172 navasse
1113 1102 1159 1168 vi·

10 1236 13 1257 =
58 1210 176 1295 dimus,
196 1211 231 1279 in
246 1212 315 1278 >hoc
334 1230 467 1301 prorsus
490 1214 688 1301 negligeret.
735 1214 836 1281 Cuius
858 1215 909 1280 rei
932 1215 1084 1301 exempla
1102 1213 1158 1277 ha·

10 1346 17 1387 ῑ
58 1321 118 1386 bes
129 1321 230 1404 frgm.
243 1322 285 1387 53
296 1331 331 1386 et
341 1304 496 1407 bffiatque
519 1321 602 1387 haec
626 1322 760 1410 quidem
782 1322 869 1389 haud
893 1322 998 1388 minus
1020 1321 1099 1386 vilia
1121 1343 1159 1386 ae

10 1472 17 1479 -
57 1431 155 1516 levia,
190 1430 466 1518 quamplurima
495 1431 681 1499 huiusmodi
715 1454 759 1497 ex
788 1433 908 1499 ceteris
938 1432 1007 1497 eius
1028 1429 1159 1518 scriptis

10 1520 15 1645 ἑ
60 1538 268 1628 deprompta

10 1648 19 1753 ἶ
80 1704 84 1717 =
127 1673 242 1740 Hune
274 1684 413 1762 praeter·
437 1673 634 1739 Homericos
666 1673 936 1763 commentarium
970 1671 1158 1764 Stephanus

63 1778 247 1868 Byzantius
264 1782 447 1869 usurpavit,
465 1779 1158 1869 φιεω111111ε.ν.Δω11ώνη(1111111315).

59 1880 367 1976 1111111111111111111
387 1888 490 1955 nostri
512 1889 635 1976 scripta
659 1913 677 1952 a
702 1887 1071 1978 Stephanocompilata
1091 1908 1160 1977 non

59 1994 242 2077 rideamus,
264 2017 330 2062 non
351 1995 542 2079 errabimus,
565 1996 593 2062 si
615 2019 734 2062 vocum
754 1997 893 2062 illarum·
908 1997 1156 2085 explicationes,

62 2096 206 2190 quasin
227 2102 470 2172 commentariis
490 2106 561 2172 eius
578 2105 762 2173 Homericis
781 2107 890 2173 locum
916 2105 1068 2173 habuisse
1091 2126 1158 2172 non

10 2382 19 2509 ξ
101 2427 106 2438 ·
138 2421 166 2488 1)
193 2416 301 2487 aequor
318 2416 365 2474 nio
382 2416 581 2473 annosarum
606 2416 773 2496 (prolegom.
791 2416 821 2471 sn
840 2416 946 2471 carram.
964 2423 1054 2472 Auta.
1076 2417 1159 2472 noth.

10 2514 20 2573 ’1
59 2517 152 2582 1851),
183 2530 240 2584 quo
265 2513 350 2569 etiam
372 2514 404 2568 in
428 2513 608 2584 disponendis
626 2512 788 2566 Callimachi
812 2512 978 2584 fragmentis
996 2513 1067 2567 duce
1085 2517 1159 2567 ntor.

59 2610 253 2682 Argumentis,
277 2627 348 2680 quae
371 2627 396 2665 v.
416 2608 442 2664 d.
466 2609 570 2673 attulit,
594 2613 626 2663 ut
649 2614 732 2664 Atrea
757 2608 879 2678 doceret,
897 2609 933 2664 ab
951 2609 1059 2680 Elegiis
1077 2608 1160 2663 Calli-

58 2706 152 2762 machi
169 2723 227 2762 non
250 2705 378 2761 'diversas
402 2705 498 2769 luisse,
524 2702 578 2758 hoc
597 2722 684 2782 uuum
701 2695 866 2771 addiderim,
894 2721 929 2758 ex
955 2722 1010 2774 qao
1031 2704 1061 2758 id
1084 2708 1160 2758 certe

60 2808 180 2876 apparet
199 2795 388 2874 compluribus
407 2819 450 2859 ea.
465 2802 636 2857 carminibus
654 2802 757 2857 librum
775 2818 912 2871 quemque
930 2801 1098 2855 constitisse.
1129 2801 1161 2854 In

58 2900 154 2957 nam.
167 2917 196 2970 p.
208 2902 268 2964 160,
274 2903 308 2954 32
329 2899 407 2971 vocis·
414 2892 542 2969 Ἄσωρον
551 2897 732 2967 explicationi
748 2897 818 2952 haec
828 2898 915 2952 verba
932 2896 1062 2966 apposita
1081 2900 1162 2951 sunt:

11 3026 24 3069 1
61 2982 282 3055 οὔᾶὤῖθίωνιέν
299 2988 476 3068 ὑπομνήματι
495 2995 551 3050 τῶν
569 2994 617 3048 τοῦ
632 2988 659 3064 β’
679 2997 774 3048 αἰτίου.
814 2992 848 3048 In
866 2992 920 3048 hoc
937 2993 1019 3047 multi
1040 2997 1069 3047 et
1086 2993 1164 3048 docti

59 3095 116 3151 riri
132 3093 313 3151 offenderunt
332 3093 486 3162 1111111τῷ
504 3089 610 3164 inops.
636 3090 684 3145 τοῦ
700 3084 726 3159 ῥ’
745 3090 793 3144 alii
811 3089 866 3144 alia
887 3088 1036 3144 mutantes.
1078 3089 1164 3159 Equi·

60 3191 310 3248 dem³.mutandum
326 3190 480 3261 quidquam
499 3204 659 3258 amenego,
687 3187 737 3242 sed
759 3187 975 3258 intelligendum
1000 3188 1055 3241 τῶν
1072 3186 1120 3240 τοῦ
1137 3181 1163 3255 β’

60 3292 156 3351 111111111-
168 3283 333 3364 ποιημάτων
349 3306 370 3343 s.
391 3288 528 3358 ἐλεγειῶν-
575 3287 646 3341 Nam
670 3285 696 3338 'si
719 3284 864 3354 complura
883 3285 1000 3354 quisque
1015 3284 1088 3339 liber
1105 3301 1166 3338 aar·

61 3386 137 3449 mina
157 3384 381 3456 comprehendit,
396 3383 663 3451 ractadicipoterat
680 3375 834 3452 ὑπόμνημα
851 3381 907 3435 τῶν
923 3381 971 3434 τοῦ
989 3374 1021 3449 β’.
1040 3380 1163 3447 Quocum

62 3483 154 3545 altera
173 3481 298 3539 eiusdem
315 3479 437 3547 Theonis
462 3479 692 3535 commemoratio
713 3477 854 3533 consentit
881 3478 918 3547 (p.
929 3479 1060 3545 207,46):
1089 3471 1165 3532 Οὕτω

62 3583 141 3635 Θέων
157 3579 189 3653 ir
207 3583 263 3638 τοῖς
282 3570 465 3649 ὑπομνήμασι
486 3575 533 3628 τοῦ
560 3569 587 3626 α’
611 3576 698 3626 αἰτίου
723 3567 917 3644 Καλλιμάχου,
944 3576 978 3626 nt
1003 3576 1081 3626 certe
1108 3570 1165 3625 dici

61 3694 120 3732 non
136 3658 251 3747 poterat
268 3661 324 3728 nisi
343 3662 452 3742 ¹singuli
470 3670 536 3726 libri
553 3671 698 3740 complura
718 3668 842 3724 carmina
861 3668 1070 3736 continuerunt,
1094 3685 1164 3736 quae

61 3764 160 3829 Theou
176 3768 386 3828 commentariis
404 3769 598 3823 illustraverat
615 3767 655 3821 ita
673 3770 704 3819 ut
716 3754 960 3835 quasi²complura
976 3759 1164 3835 ὑπομνήματα

63 3872 100 3930 ad
115 3884 211 3930 uuum
219 3872 328 3929 librum
344 3871 513 3943 scripsisset.
552 3868 645 3924 Priori
664 3885 774 3938 quoqne
792 3867 854 3922 loco
873 3862 1053 3940 ὑπομνήμασι
1074 3872 1165 3921 muta·

61 3970 257 4027 mhs'ne'eesse
273 3950 331 4025 lion
351 3971 404 4034 ast,
417 3974 499 4022 *cum
523 3966 608 4021 iidem
631 3965 824 4021 commentarii
851 3969 884 4018 ut
907 3966 999 4019 totum
1026 3963 1163 4034 singulari

62 4085 181 4125 numero
200 4061 355 4141 ὑπόμνημα
373 4064 430 4120 diei
444 4065 568 4135 possint;
595 4064 636 4117 ita
659 4063 733 4117 enim
750 4060 941 4133 Epaphroditi
961 4060 1073 4115 nonnisi
1091 4055 1161 4115 ὑπό-

10 4196 13 4211 =
62 4184 162 4244 praga
179 4164 292 4222 citatur.
416 4154 433 4173 ¹*
568 4158 571 4163 ’
607 4151 609 4156 ’
1255 4214 1264 4269 'a'
